2820 4770
169 315 205 370 ¹V
328 317 436 388 VITA
462 314 668 389 HElNRlCl
693 315 748 386 lv.
781 311 1109 387 IMPERATORIS.

170 517 339 591 laudibus
365 514 620 609 attolleretur¹‚
647 513 947 611 quemadmodum
976 538 1005 586 e.
1031 537 1065 608 p.
1092 515 1199 584 etiam
1218 512 1262 586 de

170 636 394 707 Hcrimanno
413 633 626 728 Aupustensi
652 636 817 726 episcopo
843 634 1039 703 sententiae
1057 654 1166 727 quarn
1184 655 1262 703 ma·

171 756 266 825 aime
283 753 350 825 sibi
369 754 555 847 oppositae
569 775 594 822 a
613 752 837 824 diversarum
852 753 1013 844 partium
1030 750 1264 844 scriptoribus

170 871 340 965 prolatae
364 876 455 942 sunt.
490 869 527 941 ts
549 870 658 964 ipitur
686 869 851 941 Otbertus
875 871 911 939 in
936 872 1010 940 uita
1028 868 1187 940 Heinrici
1204 869 1266 940 no-'

173 990 332 1061 minatur
356 989 496 1086 quidem
505 1045 516 1082 ‚
542 987 607 1060 sed
632 987 732 1060 nutta
758 986 866 1059 laude
885 993 1054 1081 ornatur,
1081 1010 1189 1082 quam
1215 988 1267 1059 ita

172 1106 268 1195 fideti
295 1109 458 1180 caesaris
480 1107 620 1194 fautori
644 1107 702 1176 viu
719 1104 875 1184 invidere
891 1108 1046 1198 potuerit
1068 1109 1162 1178 vitoe
1179 1106 1267 1178 scri-

173 1230 268 1319 ptor,
287 1227 355 1297 nisi
372 1224 428 1296 hic
445 1226 520 1318 ipsc
538 1224 595 1295 uu
612 1225 682 1309 tuit
701 1222 875 1295 Otbertns.
907 1222 1051 1295 Accedit
1068 1224 1165 1319 quod
1181 1226 1268 1296 sari·

173 1349 258 1438 ptor
275 1367 354 1438 cap.
375 1344 408 1415 7.
435 1343 573 1414 Rornae
590 1366 628 1414 se
645 1344 756 1426 tuisse
772 1344 972 1436 sipnificat5
998 1340 1178 1420 Otbertum
1205 1365 1269 1412 au·

175 1466 246 1534 tcm
263 1461 397 1533 Lcodio
413 1463 450 1531 in
462 1460 607 1532 ltaliam
622 1460 673 1532 ad
685 1483 801 1554 repens
818 1484 856 1532 se
874 1459 1074 1554 contulisse,
1094 1465 1128 1530 ct
1140 1461 1176 1529 in
1195 1460 1269 1531 eius

176 1578 318 1672 cupedia
343 1578 497 1674 depisse3
527 1578 639 1649 donec
667 1602 700 1648 a.
724 1581 815 1652 1091
837 1580 1080 1671 episcopatum
1099 1577 1269 1649 Leodicn-

177 1718 250 1767 scm
270 1695 316 1767 ab
336 1719 377 1767 eo
393 1696 581 1791 acciperet,
600 1696 778 1786 Rupertus
792 1696 909 1769 obbas
921 1699 958 1768 in
972 1696 1127 1769 historia
1144 1695 1271 1768 Sancti

177 1813 362 1885 Laurentii
380 1820 508 1885 auctor
526 1811 609 1886 est2.
645 1813 804 1910 Denique
822 1814 919 1910 quod
935 1816 971 1887 in
987 1819 1057 1904 fine
1075 1817 1168 1887 oitue
1186 1838 1272 1887 nar·

178 1937 285 2003 ratur
302 1934 467 2017 fautores
484 1933 713 2024 imperatoris
733 1931 907 2025 defuncti,
934 1934 1031 2004 omni
1047 1957 1110 2026 spe
1128 1933 1272 2005 destitu-

178 2054 247 2143 tos,
263 2072 332 2145 quo
349 2048 457 2120 modo
471 2051 616 2145 quisquc
627 2057 752 2144 posset
762 2052 857 2145 repis
869 2051 1028 2144 pratiarn
1043 2053 1271 2145 quaesivisse,

180 2172 215 2237 ct
238 2166 305 2238 hoc
330 2169 366 2238 in
396 2166 578 2240 otbertum
614 2168 743 2240 cadere
770 2175 805 2239 ct
830 2167 922 2241 vetut
944 2192 1013 2261 pro
1045 2171 1273 2242 accusatione

178 2286 336 2377 positum
354 2290 421 2380 est,
451 2287 525 2357 iarn
545 2286 740 2359 Gotdastus
758 2287 1022 2359 animaduertit.
1067 2287 1146 2375 Oua
1165 2310 1203 2359 re
1221 2290 1273 2359 in-

180 2403 367 2497 peniosam
401 2404 496 2476 hanc
523 2405 598 2476 eius
628 2406 869 2478 coniecturum
899 2408 957 2477 vic
985 2404 1273 2477 addubitandam

182 2543 258 2592 csse
283 2545 419 2594 censeo.
465 2521 617 2615 Scripsit
640 2529 758 2593 autern
779 2523 944 2596 Otbertus
973 2523 1024 2595 ad
1041 2523 1150 2595 atium
1170 2546 1275 2619 quen-

183 2636 270 2709 dam
288 2641 518 2732 imperatoris
531 2642 698 2735 amicum,
718 2665 819 2738 quern
836 2641 1031 2714 Gotdastus
1042 2642 1153 2727 fuisse
1168 2648 1274 2735 puta-

183 2758 232 2827 vit
252 2756 475 2829 Waichcrurn
491 2759 801 2832 Cameracensium
817 2762 1033 2854 episcopum,
1053 2760 1112 2854 qui
1127 2766 1276 2853 propter

183 2872 287 2960 fidem
317 2877 529 2968 imperatori
554 2884 741 2949 >servatam
772 2877 887 2949 multu
917 2877 1018 2949 moto
1048 2879 1216 2948 sustinuit
1244 2885 1279 2950 et

186 2989 330 3065 Otbcrto
355 2995 480 3066 intima
508 2997 667 3066 amicitia
694 2978 902 3067 coniunctus
920 3001 1010 3067 crat.
1052 2993 1125 3066 Sed
1141 2995 1275 3069 nullum

183 3117 375 3202 practerea
390 3113 557 3185 indicium
573 3119 682 3206 ectot,
702 3120 735 3185 ct
751 3111 957 3186 Watchcrus
970 3119 1054 3184 tunc
1068 3115 1142 3207 ipsc
1155 3114 1279 3186 Leodii

185 3229 295 3313 fuisse
314 3229 453 3325 videtur
472 3229 560 3327 (SS.
585 3231 656 3327 VH,
675 3231 803 3328 518.),·
827 3230 977 3324 epistota
1004 3237 1122 3304 autem
1147 3231 1209 3304 itta
1229 3232 1279 3304 ad

187 3345 369 3420 absentem
397 3350 510 3421 misso
539 3356 599 3421 cst.
646 3349 766 3421 Codeu
792 3348 1151 3442 coaevusopuscuti,
1178 3351 1278 3421 auius

186 3471 280 3537 certe
297 3488 368 3542 non
387 3467 501 3539 meiito
519 3467 741 3560 exemplaria
757 3468 862 3553 facta
880 3474 982 3561 sunt,
1008 3466 1106 3563 quod
1118 3466 1278 3560 periculo

186 3582 327 3676 ptenmn
354 3583 467 3679 erot³,
496 3591 658 3679 repertus
685 3588 790 3657 estin
819 3585 988 3658 coenobio
1007 3586 1124 3656 sancti
1141 3584 1279 3656 Eurora-

188 3703 339 3796 rammi,
367 3726 430 3775 nec
449 3704 600 3782 deerant
615 3704 837 3797 ,Ratisponac
857 3706 1022 3789 fautores
1040 3703 1279 3795 imperatoris.

189 3818 326 3892 Cestius
360 3827 477 3893 autem
506 3821 643 3918 aliquid
676 3821 747 3894 hoc
771 3821 814 3892 dc
840 3845 878 3894 re
902 3822 1053 3915 reperiri
1076 3812 1183 3914 posse
1206 3845 1279 3896 uon

187 3936 336 4008 videtur.

190 4070 214 4138 1)
234 4071 295 4124 vido
321 4090 412 4129 versus
439 4074 508 4127 inira
529 4077 647 4130 edendos
667 4077 701 4128 dc
722 4074 853 4144 episeopis
872 4073 1075 4132 Leodiensibus.
1158 4076 1185 4146 2)
1204 4073 1277 4131 Mon.

191 4160 281 4217 Germ.
302 4161 352 4218 SS.
375 4162 448 4229 vm,
467 4166 530 4218 277.
606 4165 632 4234 3)
652 4166 713 4218 vido
732 4181 790 4234 cop.
813 4165 837 4217 1.
861 4165 887 4218 in
908 4165 968 4223 fine.

605 4285 873 4294 ...o-ww..
