2820 4770
268 308 314 380 32
429 305 535 413 VITA
560 306 766 379 HEINRICI
792 308 847 379 IV.
874 306 1204 381 IMPERATORIS.

170 526 248 580 1106.
269 504 438 591 Quorum
456 503 733 600 ,importunitati
759 506 830 576 hac
848 505 910 576 ille
929 506 1072 577 ratione
1091 505 1200 577 reniti
1219 504 1361 604 coepit:

250 584 499 717 limpossibile
520 627 606 676 esse
626 605 809 676 amissum
827 605 1027 701 imperium
1045 605 1159 677 armis
1174 616 1361 703 repetere,

269 707 367 801 quod
398 727 623 801 possessum
648 704 762 776 armis
791 704 959 800 optinere
985 705 1237 801 nequivisset,
1253 685 1361 805 {illud

180 884 184 891 A
268 802 337 876 sibi
355 827 430 874 non
451 827 538 876 esse
556 803 661 899 tanti,
686 814 726 874 ut
750 805 952 875 multorum
975 804 1085 875 exitio
1105 804 1362 901 recipiendum

268 902 481 996 estimaret,
498 877 659 1011 lbeatius
689 902 756 976 sibi
785 914 822 974 et
846 903 961 975 tutius
987 905 1086 998 fore,
1114 915 1155 975 ut
1179 905 1361 1001 privatuS,

266 1002 355 1074 licet
380 1001 531 1098 indigne
560 1002 741 1098 deiectus,
774 992 930 1105 viveret}
972 1003 1034 1076 Sic
1061 1003 1246 1099 utrimque
1276 1008 1362 1077 data

267 1101 483 1198 redditaque
507 1102 665 1197 ratione,
694 1126 779 1172 cum
803 1103 944 1174 instare
963 1127 1038 1174 non
1058 1103 1287 1199 desinerent,
1313 1127 1361 1176 ne

267 1200 537 1297 benignitatem
565 1201 663 1273 circa
683 1225 724 1274 se
743 1213 958 1273 removeret
976 1228 998 1274 a
1017 1226 1072 1298 se,
1098 1227 1169 1274 nec
1195 1206 1240 1274 ad
1268 1202 1361 1274 inte·

266 1326 376 1397 grum
396 1301 599 1397 consensit,
618 1325 689 1373 nec
703 1301 842 1398 abnuit,
861 1301 1113 1398 providusque
1128 1301 1241 1373 futuri
1254 1326 1361 1399 prae·

267 1400 397 1497 cipites
431 1425 561 1473 eorum
592 1400 738 1473 animos
770 1425 838 1498 spe
871 1402 980 1474 dubia
1006 1402 1210 1498 suspendit.
1244 1401 1362 1498 Igitur

265 1501 386 1598 primo
406 1501 612 1596 Coloniam,
639 1525 734 1598 quae
759 1500 921 1598 primum
945 1502 1126 1598 impetum
1144 1503 1265 1573 latura
1283 1502 1361 1574 fue·

266 1610 335 1696 rat,
361 1601 458 1672 vallo
483 1600 721 1698 turribusque
750 1601 961 1697 muniebat,
991 1612 1029 1673 et
1056 1600 1246 1697 congestis
1274 1601 1361 1675 belli

266 1699 473 1797 stipendiis,
504 1700 755 1797 impositoque
783 1699 983 1796 praesidio,
1014 1700 1222 1798 periculum
1248 1725 1360 1772 suum

265 1799 420 1872 fortibus
441 1799 576 1872 animis
596 1805 852 1896 expectabant.
885 1800 946 1877 Sic
967 1810 1003 1871 et
1021 1799 1113 1873 alias
1133 1804 1245 1874 urbes
1266 1825 1358 1897 quas

265 1899 494 1971 invadendas
521 1903 735 1995 credebant,
766 1899 985 1995 munitione,
1010 1899 1208 1997 machinis,
1238 1910 1275 1973 et
1302 1923 1360 1972 ro·

265 2003 354 2072 bore
373 1998 532 2070 militum
549 1998 758 2071 firmabant.
787 2000 860 2072 Sed
881 2010 918 2070 et
936 1999 1097 2071 edictum
1117 2004 1185 2072 sub
1206 2000 1359 2071 commi·

266 2097 417 2170 natione
437 2099 575 2171 crudeli
595 2098 729 2196 ubique
747 2103 984 2196 properabat,
1003 2109 1044 2169 ut
1057 2102 1239 2172 adversus
1254 2123 1359 2171 exer-

267 2197 382 2269 citum
399 2197 437 2268 in
462 2223 602 2295 magna
627 2198 802 2295 superbia
820 2222 935 2294 super
959 2222 1001 2269 se
1020 2208 1221 2270 venturum
1238 2197 1358 2296 parati

267 2308 409 2394 essent,
422 2307 460 2369 et
472 2297 645 2394 patriam,
661 2299 885 2392 libertatem,
895 2297 1085 2394 vitamque
1100 2299 1359 2393 defenderent,

266 2422 340 2468 neu
368 2397 535 2470 sinerent
559 2398 620 2470 vel
653 2422 789 2470 uxores
816 2422 905 2471 suas
932 2397 1178 2495 corruptionis
1203 2397 1358 2471 ludibrio

266 2497 466 2593 substerni,
486 2498 547 2568 vel
566 2522 677 2593 agros
692 2497 729 2568 in
745 2497 886 2569 alienos
902 2497 1073 2571 dominos
1088 2497 1252 2570 distrahi.
1279 2498 1359 2569 lam

266 2621 331 2669 rex
350 2598 497 2669 Renum
517 2621 602 2668 cum
621 2597 787 2670 exercitu
805 2597 927 2668 valido
945 2596 1158 2692 transierat,
1182 2607 1218 2669 et
1236 2596 1357 2693 primo

195 2722 244 2778 tut.
266 2695 472 2791 Coloniam,
492 2721 587 2793 quae
607 2697 713 2793 quasi
733 2707 845 2793 caput
860 2696 958 2769 >inter
977 2696 1068 2769 alias
1085 2701 1198 2769 urbes
1218 2696 1358 2768 emine-

266 2800 340 2891 bat,
359 2820 498 2893 magno
517 2795 660 2893 impetu
678 2796 827 2893 invasit,
845 2807 1024 2893 reputans
1045 2821 1086 2868 se
1106 2795 1173 2868 sibi
1188 2801 1358 2869 membra

265 2895 410 2968 facilius
430 2896 614 2993 subicere,
634 2896 790 2967 contrito
808 2907 887 2968 tam
905 2896 1025 2967 valido
1046 2895 1177 2992 capite.
1206 2895 1279 2968 Sed
1294 2920 1357 2968 res

264 2996 378 3092 longe
411 3007 561 3093 praeter
593 3020 701 3092 spem
728 2995 873 3090 evenit,
909 3020 997 3067 nam
1026 3005 1180 3094 cruenta
1205 2995 1360 3092 repulsa

265 3095 451 3191 retroacti,
471 3096 601 3193 procul
618 3095 749 3167 locatis
770 3095 901 3168 castris
921 3099 1051 3167 urbem
1072 3094 1263 3167 obsidione
1282 3096 1359 3166 val-

264 3196 400 3267 labant.
426 3195 547 3292 Magis
562 3207 689 3268 autem
703 3195 871 3292 dixerim,
891 3199 1112 3267 obsessores
1129 3200 1173 3267 ab
1189 3195 1357 3268 obsessis

265 3298 462 3390 obsessos3
485 3320 574 3367 nam
592 3295 801 3393 praereptis
823 3294 890 3367 sibi
909 3294 1066 3367 navibus
1087 3320 1182 3392 quae
1202 3319 1270 3392 per
1288 3296 1358 3367 Re-

175 3463 177 3466 ,
264 3419 355 3466 num
374 3397 648 3468 descendentes
671 3395 849 3467 exercitui
869 3396 1122 3467 commeatum
1147 3398 1357 3493 portabant,

264 3505 461 3592 premente
492 3496 592 3567 fame
625 3495 731 3593 quasi
760 3498 921 3592 quadam
949 3495 1140 3568 obsidione
1169 3494 1357 3566 constricti

264 3595 491 3668 laborabant.
516 3595 668 3667 Interim
684 3606 724 3666 ut
738 3600 870 3669 urbem
883 3599 929 3668 ab
942 3595 1132 3668 obsidione
1142 3595 1357 3690 liberarent,

263 3695 376 3768 totius
402 3693 545 3791 patriae
570 3699 682 3767 robur
707 3694 868 3792 undique
889 3695 1018 3767 coibat.
1034 3689 1129 3799 lSed
1154 3695 1359 3791 imperator

264 3805 341 3866 tam
361 3804 557 3866 cruentum
576 3796 683 3867 nefas
703 3778 1114 3912 detestatus,lp11gnam
1133 3795 1266 3867 obnixe
1286 3795 1358 3868 dis-

265 3898 465 3967 suadebat:
493 3917 558 3964 cur
577 3893 631 3966 eis
657 3905 783 3966 tantus
804 3898 913 3965 ardor
930 3894 1127 3990 pellendae
1152 3892 1355 3967 obsidionis

264 3992 421 4089 inesset,
441 4017 537 4091 quae
556 4018 631 4064 non
650 3993 723 4065 nisi
740 4017 881 4090 magna
899 3993 956 4065 sui
977 3994 1080 4064 clade
1099 3993 1187 4090 pelli
1205 4006 1356 4091 posset,

264 4093 412 4166 tolleret
429 4117 583 4165 omnem
602 4093 888 4167 sollicitudinem
907 4093 1110 4191 capiendae
1127 4093 1241 4189 urbis,
1261 4119 1357 4192 quae

264 4203 302 4266 et
320 4217 366 4266 ex
383 4191 559 4265 firmitate
588 4217 782 4265 murorum
800 4200 839 4263 et
857 4215 903 4262 ex
920 4193 1006 4266 forti
1024 4192 1140 4264 milite
1157 4193 1357 4290 tutissima,
