2820 4770
312 325 361 397 20
469 320 577 392 VITA
603 317 809 390 HElNRlCl
837 319 891 390 lV.
920 315 1247 389 lMPEllATORlS.

311 544 381 592 nec
401 519 470 592 erit
488 518 659 630 amplius·
670 540 830 588 necesse
849 516 972 588 aliena
987 517 1132 611 tollere,
1152 539 1238 586 cum
1253 511 1410 625 quilibe

311 645 356 691 ex
383 617 541 730 proprio·
557 616 678 714 possit
700 617 928 687 habundare.
964 615 1026 688 Sic
1044 614 1166 712 fit,tu
1152 624 1262 686 tnec
1287 612 1394 710 impe

311 731 412 791 rator
439 716 593 789 crimine
619 719 771 787 denotet
757 727 827 812 utr,
853 740 923 787 nec
950 713 1125 788 bellum
1116 739 1154 785 m
1182 736 1299 810 regno
1328 735 1393 784 mo

311 829 462 912 veatur3
491 815 685 912 siclit,t
645 826 726 887 ute
729 826 906 912 otcrporr
898 810 1334 887 satisfacerehabeatis
1370 835 1410 884 e·

311 918 457 991 animas
476 928 637 1027 vestras,
657 917 753 1011 quod
773 914 1032 987 felicissimum
1048 924 1119 1008 est,
1139 911 1302 985 salvetis
1330 866 1400 985 ἐι

312 1017 425 1089 nichil
444 1040 528 1112 age,
548 1015 696 1087 asinum
716 1018 760 1086 ad
779 1015 898 1109 lyram
915 1039 1046 1089 νοθο;
1040 1015 1286 1085 consuetudo
1305 1011 1399 1083 mal

311 1127 376 1189 aut
393 1140 599 1211 numquam
618 1125 681 1185 aut
698 1113 759 1184 vix
777 1113 926 1185 tollitur.

388 1220 421 1289 9.
448 1215 564 1310 Igitur
582 1213 723 1286 assueti
742 1213 897 1310 rapiniS,
918 1224 958 1284 ιιι
975 1213 1216 1284 occasionem
1233 1221 1392 1308 repeten

312 1318 382 1387 dae
396 1313 699 1386 consuetudinis
691 1313 914 1409 invenirent,
888 1313 1129 1384 trnovendis
1142 1312 1279 1384 iterum
1297 1311 1409 1384 bellis

312 1414 479 1487 animum
497 1413 751 1507 intendebant,
774 1413 911 1484 iterum
930 1413 1097 1485 emulum
1114 1411 1340 1523 imperatori
1349 1430 1392 1482 re

311 1513 434 1611 perire
454 1517 673 1624 querebant,
702 1516 746 1585 ad
767 1537 880 1609 quam
899 1536 979 1583 rem
998 1511 1167 1584 filium
1135 1535 1215 1582 erus
1242 1511 1401 1582 maxim·

311 1615 488 1685 idoneum
521 1612 829 1684 estimabantt
799 1612 927 1708 ltaque
956 1621 995 1682 ut
1020 1610 1255 1707 suggestioni
1279 1610 1409 1682 locum

311 1713 534 1807 invenirent,
567 1735 664 1809 quae
696 1711 817 1808 prima
842 1710 1049 1808 decipiendi
1073 1710 1259 1782 lenocinia
1287 1720 1408 1805 erant,

312 1814 529 1910 frequenter
548 1835 635 1882 eum
661 1821 841 1882 venatum
859 1835 991 1883 secum
1009 1812 1255 1905 abducebant,
1229 1809 1409 1880 tconvi·

312 1912 458 1984 viorum
476 1910 660 1983 illecebris
686 1909 924 2005 inescabant,
949 1909 1041 1982 iocis
1065 1909 1103 1980 in
1122 1909 1408 1982 dissolutionem

312 2012 425 2083 animi
418 2010 654 2105 mittebant,
627 2019 719 2080 ιθι
737 2013 782 2082 ad
801 2010 981 2112 pleraque
1000 2008 1184 2103 facienda,
1203 2032 1301 2105 quae
1320 2010 1408 2081 ado-

311 2109 494 2183 lescentia
519 2113 670 2204 suadet,
703 2133 835 2181 secum
860 2111 1066 2181 trahebant.
1102 2106 1273 2204 Denique
1299 2118 1340 2179 ut
1365 2106 1409 2179 fit

311 2211 408 2282 inter
426 2209 700 2321 adolescentes,
726 2210 887 2305 quodam
906 2206 1110 2280 sodalitatis
1130 2206 1273 2319 glutino
1292 2207 1408 2279 vincti

313 2321 422 2404 sunt,
453 2321 493 2380 ut
520 2309 634 2381 etiam
664 2307 778 2380 fidem
807 2311 1050 2405 dextramque
1075 2307 1215 2379 mutuis
1248 2306 1406 2379 secretis

313 2413 455 2482 darent.
484 2412 579 2482 Cum
598 2433 688 2504 ergo
709 2431 797 2479 eum
815 2407 941 2480 multis
957 2407 1079 2479 dolis
1069 2406 1265 2520 irretitum,
1284 2405 1406 2504 decipi

312 2533 429 2607 posse
454 2509 754 2602 considerarent,
789 2511 950 2603 quadam
982 2506 1041 2579 die
1066 2506 1164 2580 inter
1188 2506 1281 2603 alia,
1310 2517 1406 2577 tam·

313 2634 427 2705 quam
454 2632 499 2680 ex
528 2607 700 2719 obliquo,
714 2617 861 2704 patrem
880 2606 960 2678 eius
980 2606 1018 2677 in
1036 2606 1268 2678 mentionem
1294 2608 1407 2677 addu-

312 2712 466 2781 cebant:
499 2732 541 2779 se
576 2706 701 2777 mirari
711 2709 849 2802 ,quod
881 2716 960 2778 tam
987 2709 1122 2778 durum
1151 2717 1299 2803 patrem
1315 2706 1406 2805 pati

313 2818 462 2920 posset3
481 2806 594 2877 nichil
609 2829 695 2877 eum
715 2829 737 2876 a
756 2829 865 2877 servo
881 2805 1045 2902 differre,
1065 2830 1151 2878 cum
1169 2805 1294 2877 omnia
1307 2812 1406 2902 quae

314 2907 414 2980 servi
443 2916 541 3001 sunt,
569 2906 765 2977 toleraret
757 2916 945 3002 ,patrem
972 2905 1052 2978 eius
1080 2929 1214 2978 senem
1240 2928 1341 3001 esse,
1369 2916 1407 2978 et

312 3005 550 3079 moderandis
565 3030 717 3101 regni
664 3006 844 3079 habenis
858 3005 1082 3078 invalidum:
1099 3005 1131 3077 si
1145 3004 1408 3078 investituram

312 3105 420 3218 regni
444 3128 564 3201 usque
592 3108 636 3176 ad
665 3092 741 3178 obit
726 3117 806 3178 utm
835 3105 915 3179 eius
934 3105 1112 3202 differret,
1138 3106 1230 3177 haut
1253 3104 1406 3178 dubium

313 3205 401 3302 quin
417 3204 467 3275 alt
453 3215 511 3277 er
520 3204 608 3276 rllud
623 3204 691 3277 sibi
704 3206 953 3318 praeriperet,
945 3206 1071 3278 ·illum
1086 3205 1223 3277 multos
1238 3206 1405 3277 fautores

313 3305 526 3377 habiturum
544 3315 698 3402 propter
715 3304 892 3378 invidiam
912 3317 949 3377 et
968 3306 1092 3379 odium
1110 3305 1227 3403 patris
1256 3305 1332 3377 sui:
1361 3329 1404 3377 se

312 3415 440 3476 autem
458 3405 627 3476 omnium
644 3415 732 3476 vota
749 3404 786 3475 in
806 3428 848 3476 se
866 3407 1085 3503 transferre,
1112 3406 1144 3477 si
1162 3430 1236 3477 non
1256 3415 1404 3476 cuncta-

312 3515 416 3576 retur
434 3504 601 3601 suscepti
619 3503 726 3601 regni
744 3507 999 3600 gubernacula
1012 3505 1221 3603 possidere,
1241 3503 1403 3577 maxime

313 3628 400 3676 cum
418 3615 563 3702 patrem
589 3603 670 3676 eius
691 3605 1056 3677 excommunicatum
1082 3617 1119 3679 et
1137 3605 1323 3678 aecclesia
1341 3609 1405 3678 du·

312 3706 402 3775 dum
422 3703 610 3798 abiecerit,
630 3714 667 3783 et
684 3727 862 3801 proceres
882 3705 988 3800 regni
1008 3706 1309 3801 reprobaverint3
1334 3730 1405 3778 nec

312 3802 382 3876 sibi
397 3807 685 3898 observandum,
704 3807 801 3900 quod
816 3802 964 3875 incaute
982 3803 1172 3899 iuraverit,
1190 3804 1306 3877 immo
1325 3818 1405 3878 tum

312 3904 467 3976 demum
494 3928 536 3977 se
562 3901 832 3998 sanctificasse,
860 3902 890 3974 si
917 3901 1170 3976 iuramentum
1190 3928 1406 3977 excommu-

311 4001 435 4075 nicato
453 4003 615 4076 iuratum
633 4003 776 4075 irritum
795 4003 944 4075 faceret.
973 4003 1083 4074 Pater
1096 4027 1187 4076 vero
1206 4004 1297 4076 nihil
1315 4005 1403 4074 mali

311 4105 357 4178 de
368 4100 444 4174 lilio
459 4103 687 4201 suspicatus,
699 4102 989 4174 familiaritatem
1003 4101 1084 4175 eius
1098 4129 1184 4176 cum
1199 4102 1401 4174 maioribus
