2820 4770
206 312 254 382 30
362 310 470 382 VITA
495 310 701 385 HElNRlCl
727 311 782 382 lV.
809 311 1136 385 IMPERATORIS.

107 520 185 574 lloo.
205 508 353 580 futurae
372 509 484 581 sartis
505 519 543 581 et
559 509 698 582 fraudis
719 534 815 605 quae
834 511 982 583 latebat.
1011 511 1214 606 Postquam
1233 533 1296 581 au·
1322 591 1336 606 .

104 591 184 718 M³,¹,¹·
204 617 283 679 tern
310 619 465 680 ventum
491 619 550 681 est
576 612 621 681 ad
645 609 791 705 lacurn,
825 610 886 683 ubi
916 610 1120 707 dispositae
1147 611 1297 681 fuerant

178 700 381 804 'insidiae,
408 719 635 805 exurgentes
663 712 707 781 de
736 709 898 806 insidiis,
924 710 1066 808 impetu
1092 733 1231 806 magno
1259 709 1296 781 in

204 819 478 905 persequentes
508 810 733 881 ferebantur.
769 810 824 881 llli
850 819 977 881 autern
1003 810 1153 907 inopino
1178 808 1296 880 territi

203 907 383 1005 periculo,
408 919 586 1005 metuque
607 913 780 980 turbante
799 909 851 980 nil
868 909 1021 981 rationis
1041 908 1211 981 inarmis
1231 910 1296 980 ha·

99 1068 103 1078 .
203 1012 349 1103 bentes,
375 1008 413 1078 in
440 1009 570 1104 fugam
596 1032 638 1080 se
666 1019 909 1080 retorserunt.
946 1010 1020 1082 Sed
1049 1009 1133 1105 quid
1159 1007 1298 1106 profuit
1346 1052 1348 1057 ·

204 1107 387 1179 avertisse
406 1118 571 1203 pectora,
600 1119 637 1179 et
654 1108 869 1181 vulneribus
889 1120 997 1204 terga
1016 1109 1191 1180 dedisset
1226 1108 1296 1180 lta-

204 1232 276 1305 que
304 1207 410 1278 multi
436 1207 547 1304 capti,
581 1207 687 1278 multi
711 1207 885 1303 truncati,
917 1208 1023 1278 rnulti
1049 1208 1163 1280 occisi
1188 1219 1295 1302 sunt5

204 1307 396 1403 victorque
422 1318 598 1378 cruentas
623 1331 699 1378 non
727 1307 842 1378 alium
866 1310 1019 1379 modurn
1046 1307 1201 1380 sceleris
1230 1310 1296 1379 ha·

205 1410 335 1501 bebat,
360 1405 432 1478 nisi
460 1430 582 1503 quern
617 1406 808 1478 fastidium
842 1407 1011 1479 faciebat.
1054 1410 1108 1479 Ad
1140 1417 1296 1504 pontem

204 1531 293 1578 vero
315 1506 381 1578 ⁴ubi
408 1508 523 1602 fugax
541 1507 736 1578 multituda
757 1531 798 1578 se
826 1516 1071 1602 coartaverat,
1089 1516 1192 1578 tanto
1211 1507 1296 1603 plus

205 1605 359 1678 sceleris
379 1605 494 1702 impia
512 1631 647 1677 manus
673 1605 832 1704 peregit,
860 1617 997 1702 quanto
1017 1607 1141 1678 minus
1161 1605 1297 1678 consti·

204 1716 293 1803 pata
305 1710 414 1778 turba
428 1729 470 1777 se
485 1729 639 1776 rnovere
654 1705 781 1801 potuit.
804 1705 878 1778 Sed
893 1707 1147 1803 multoplures
1160 1704 1297 1778 fluvius

205 1804 414 1901 absorbuit,
446 1830 559 1901 quarn
587 1805 688 1876 ensis
716 1805 860 1899 hansit3
890 1830 980 1877 nam
1014 1829 1099 1876 curn
1127 1805 1247 1877 hostis
1275 1830 1299 1877 a

204 1915 311 2000 tergo
330 1915 533 2001 premeret,
552 1904 769 2000 impellente
789 1915 891 1975 rnetu
910 1905 948 1975 in
962 1903 1118 1977 flavium
1132 1930 1174 1978 se
1189 1929 1297 2003 prae-

205 2004 418 2101 cipitabant,
439 2015 477 2075 et
495 2003 638 2075 attoniti
652 2003 871 2100 confusique
887 2007 932 2075 de
947 2014 1069 2076 morte
1083 2005 1121 2075 in
1136 2016 1298 2077 mortem

204 2108 372 2175 ruebant.
415 2105 504 2175 Erat
529 2102 578 2175 ibi
611 2127 767 2175 cernere
800 2112 838 2174 et
868 2102 980 2174 aliam
1012 2103 1206 2176 miseriam
1235 2103 1299 2176 vel

204 2203 421 2297 maximam,
447 2227 533 2274 cum
558 2227 653 2299 pons
683 2201 916 2273 multitudine
942 2209 1214 2299 praegravatus
1238 2227 1299 2276 re·

204 2314 318 2401 pente
344 2303 494 2397 corruit,
523 2313 560 2374 et
583 2301 718 2373 fluvius
738 2300 910 2375 homines
940 2326 1133 2400 equosque
1159 2303 1299 2400 pariter

204 2402 367 2475 involvit.
402 2403 499 2474 Nulli
521 2402 627 2473 locus
647 2412 728 2473 erat
746 2400 946 2499 evadendi,
973 2403 1063 2474 nulli
1089 2403 1227 2501 proluit
1244 2404 1298 2474 in-

102 2579 105 2586 ,
205 2503 358 2598 genium
384 2503 553 2596 natandi,
585 2527 674 2572 narn
705 2513 769 2573 aut
796 2526 986 2574 armorum
1012 2507 1201 2600 pondere,
1223 2514 1300 2575 ‚aut

204 2602 455 2674 inherentiurn
474 2601 679 2673 conexione
698 2600 889 2697 fatigatus,
915 2602 954 2672 in
981 2603 1206 2699 profundum
1224 2613 1298 2674 tra·

204 2703 372 2775 bebatur.
409 2702 516 2787 Quod
543 2702 685 2773 malurn
711 2712 750 2772 ut
777 2701 976 2774 scelestius
1005 2713 1121 2798 esset,
1149 2701 1187 2774 in
1213 2703 1298 2799 ipsa

205 2802 264 2873 die
282 2826 515 2899 parasceuae
535 2801 701 2897 contigit,
730 2801 919 2898 crevitque
942 2803 1159 2898 magnitudo
1179 2803 1297 2874 scele-

205 2901 256 2974 ris
277 2925 323 2974 ex
341 2902 554 2974 reverentia
572 2901 763 2998 temporis.

150 2986 200 3043 “l
284 3007 339 3075 13.
378 3002 444 3074 His
472 3002 523 3074 ita
548 3002 769 3097 transactis,
800 3026 867 3074 rex
892 3001 963 3073 iter
991 3000 1185 3074 Coloniam
1211 3024 1297 3073 con-

204 3101 333 3197 vertit,
353 3107 419 3176 sed
438 3127 523 3173 curn
537 3103 599 3174 illa
614 3125 762 3200 quoque
777 3102 917 3173 aditum
932 3100 1000 3173 sibi
1014 3101 1297 3197 praeclusisset,

104 3213 183 3270 llari.
206 3202 244 3274 in
261 3202 349 3273 villa
368 3228 463 3300 quae
479 3203 609 3274 dicitur
623 3204 756 3274 Bunna
771 3201 957 3273 dominica
970 3212 1116 3272 tanturn
1130 3203 1296 3299 paschae

139 3289 184 3342 ²⁵·
205 3314 371 3401 peracta,
389 3303 619 3398 Mogontiarn
638 3302 797 3375 festinus
812 3301 932 3397 rediit,
953 3313 990 3373 et
1003 3300 1147 3398 sparsis
1160 3301 1298 3398 ubique

204 3403 339 3500 legatis
359 3403 632 3499 querimoniam
651 3405 694 3475 ad
709 3426 886 3499 proceres
905 3400 943 3472 in
955 3403 1056 3473 hunc
1073 3406 1226 3475 modurn
1245 3402 1298 3473 di-

205 3503 316 3576 rexit:
344 3503 384 3574 Si
404 3528 471 3596 per
492 3506 712 3576 invasionem
740 3526 888 3597 requam
907 3526 1150 3597 occupassem,
1177 3510 1299 3574 tarmen

206 3607 406 3678 resistentes
428 3606 598 3696 potestati
623 3610 770 3675 nostrae
796 3603 1037 3695 retunderem,
1064 3605 1099 3672 in
1126 3609 1299 3697 parentum

204 3729 357 3799 possem.
393 3704 496 3775 lllanc
524 3710 641 3774 autem
669 3704 808 3773 certain
833 3704 1100 3794 sumptareqni
1126 3703 1299 3796 diqnitate

206 3806 330 3877 vestris
353 3805 537 3897 paruerim
566 3804 778 3897 praeceptis,
806 3826 917 3874 (tusus
943 3808 996 3872 est
1020 3804 1208 3896 quisquam
1236 3804 1284 3874 im

203 3928 309 3997 puae,
336 3905 371 3974 ia
395 3903 575 3997 publicam
602 3901 852 3985 contumeliam
872 3924 1017 3994 requam
1045 3907 1079 3972 et
1102 3925 1167 3973 nos
1186 3904 1301 3975 oratis

207 4004 363 4074 vexare?
404 4004 490 4075 Cum
522 4004 613 4072 enim
642 4002 814 4071 Leodium
843 4002 945 4093 itari,
976 4001 1036 4071 abi
1064 4002 1166 4072 nabis
1196 4004 1299 4073 curia

204 4102 365 4194 pascalis
382 4100 549 4174 habenda
566 4104 699 4194 fuerat,
720 4100 770 4170 ad
784 4102 929 4184 slaviam
947 4100 1053 4194 lllasa
1073 4104 1299 4196 venissemus,

207 4203 393 4294 episcopus
405 4201 629 4274 Leodiaensts
648 4207 709 4272 etc
753 4199 982 4294 tHeinricus,
1003 4201 1213 4296 dequarius
1233 4202 1302 4289 fide
