<?xml version="1.0" encoding="UTF-8"?>
<!DOCTYPE html PUBLIC "-//W3C//DTD XHTML 1.0 Transitional//EN"
    "http://www.w3.org/TR/xhtml1/DTD/xhtml1-transitional.dtd">
<html xmlns="http://www.w3.org/1999/xhtml" xml:lang="en" lang="en">
 <head>
  <title>
</title>
<meta http-equiv="Content-Type" content="text/html;charset=utf-8" />
  <meta name='ocr-system' content='tesseract 3.04.00' />
  <meta name='ocr-capabilities' content='ocr_page ocr_carea ocr_par ocr_line ocrx_word'/>
</head>
<body>
  <div class='ocr_page' id='page_1' title='image "./vitaheinriciivi00guidgoog_0010.png"; bbox 0 0 2820 4770; ppageno 0'>
   <div class='ocr_carea' id='block_1_1' title="bbox 202 750 1128 958">
    <p class='ocr_par' dir='ltr' id='par_1_1' title="bbox 202 750 1128 958">
     <span class='ocr_line' id='line_1_1' title="bbox 202 750 1128 839; baseline 0.008 -7"><span class='ocrx_word' id='word_1_1' title='bbox 202 750 273 832; x_wconf 81' lang='lat' dir='ltr'><em>EX</em></span> <span class='ocrx_word' id='word_1_2' title='bbox 302 750 673 836; x_wconf 78' lang='lat' dir='ltr'><strong>PRAEFATIONE</strong></span> <span class='ocrx_word' id='word_1_3' title='bbox 704 755 1128 839; x_wconf 81' lang='lat' dir='ltr'><strong>WATTENBACHH.</strong></span> 
     </span>
     <span class='ocr_line' id='line_1_2' title="bbox 334 878 998 958; baseline 0.014 -26"><span class='ocrx_word' id='word_1_4' title='bbox 334 879 370 949; x_wconf 74' lang='lat' dir='ltr'><em>pn</em></span> <span class='ocrx_word' id='word_1_5' title='bbox 389 878 479 935; x_wconf 74' lang='lat' dir='ltr'><em>uos.</em></span> <span class='ocrx_word' id='word_1_6' title='bbox 500 878 611 938; x_wconf 72' lang='lat' dir='ltr'><em>ouen.</em></span> <span class='ocrx_word' id='word_1_7' title='bbox 631 882 681 941; x_wconf 82' lang='lat' dir='ltr'><em>ss,</em></span> <span class='ocrx_word' id='word_1_8' title='bbox 703 883 735 939; x_wconf 84' lang='lat' dir='ltr'><em>T.</em></span> <span class='ocrx_word' id='word_1_9' title='bbox 756 884 820 940; x_wconf 84' lang='lat' dir='ltr'><em>xu.</em></span> <span class='ocrx_word' id='word_1_10' title='bbox 840 905 866 958; x_wconf 72' lang='lat' dir='ltr'><em>p.</em></span> <span class='ocrx_word' id='word_1_11' title='bbox 885 883 998 956; x_wconf 78' lang='lat' dir='ltr'><em>ooosq.)</em></span> 
     </span>
    </p>
   </div>
   <div class='ocr_carea' id='block_1_2' title="bbox 88 1053 1217 4201">
    <p class='ocr_par' dir='ltr' id='par_1_2' title="bbox 115 1053 1217 3089">
     <span class='ocr_line' id='line_1_3' title="bbox 124 1053 1217 1209; baseline 0 -25"><span class='ocrx_word' id='word_1_12' title='bbox 124 1053 219 1184; x_wconf 60' lang='lat' dir='ltr'><em>ida</em></span> <span class='ocrx_word' id='word_1_13' title='bbox 238 1107 328 1180; x_wconf 84' lang='lat' dir='ltr'><em>haec</em></span> <span class='ocrx_word' id='word_1_14' title='bbox 345 1109 420 1180; x_wconf 86' lang='lat' dir='ltr'><em>sine</em></span> <span class='ocrx_word' id='word_1_15' title='bbox 439 1107 546 1181; x_wconf 83' lang='lat' dir='ltr'><em>dubio</em></span> <span class='ocrx_word' id='word_1_16' title='bbox 562 1113 712 1183; x_wconf 87' lang='lat' dir='ltr'><em>mauimi</em></span> <span class='ocrx_word' id='word_1_17' title='bbox 729 1114 968 1209; x_wconf 78' lang='lat' dir='ltr'><em>aestimanda,</em></span> <span class='ocrx_word' id='word_1_18' title='bbox 988 1115 1078 1186; x_wconf 92' lang='lat' dir='ltr'><em>inter·</em></span> <span class='ocrx_word' id='word_1_19' title='bbox 1094 1115 1217 1200; x_wconf 82' lang='lat' dir='ltr'><em>fontes</em></span> 
     </span>
     <span class='ocr_line' id='line_1_4' title="bbox 120 1226 1210 1326; baseline 0.005 -30"><span class='ocrx_word' id='word_1_20' title='bbox 120 1247 242 1298; x_wconf 88' lang='lat' dir='ltr'><em>rerum</em></span> <span class='ocrx_word' id='word_1_21' title='bbox 269 1226 568 1298; x_wconf 88' lang='lat' dir='ltr'><em>Germanicarum</em></span> <span class='ocrx_word' id='word_1_22' title='bbox 596 1227 712 1300; x_wconf 84' lang='lat' dir='ltr'><em>iocum</em></span> <span class='ocrx_word' id='word_1_23' title='bbox 734 1232 907 1326; x_wconf 78' lang='lat' dir='ltr'><em>insipnern</em></span> <span class='ocrx_word' id='word_1_24' title='bbox 925 1233 1050 1304; x_wconf 89' lang='lat' dir='ltr'><em>merito</em></span> <span class='ocrx_word' id='word_1_25' title='bbox 1070 1230 1210 1303; x_wconf 84' lang='lat' dir='ltr'><em>obtinet.</em></span> 
     </span>
     <span class='ocr_line' id='line_1_5' title="bbox 120 1344 1211 1451; baseline 0.003 -35"><span class='ocrx_word' id='word_1_26' title='bbox 120 1344 202 1416; x_wconf 86' lang='lat' dir='ltr'><em>Non</em></span> <span class='ocrx_word' id='word_1_27' title='bbox 218 1366 364 1451; x_wconf 86' lang='lat' dir='ltr'><em>possum</em></span> <span class='ocrx_word' id='word_1_28' title='bbox 378 1344 462 1439; x_wconf 82' lang='lat' dir='ltr'><em>quin</em></span> <span class='ocrx_word' id='word_1_29' title='bbox 474 1367 652 1441; x_wconf 78' lang='lat' dir='ltr'><em>moneam,</em></span> <span class='ocrx_word' id='word_1_30' title='bbox 673 1354 857 1421; x_wconf 81' lang='lat' dir='ltr'><em>auctorem</em></span> <span class='ocrx_word' id='word_1_31' title='bbox 866 1351 1000 1443; x_wconf 86' lang='lat' dir='ltr'><em>pietate</em></span> <span class='ocrx_word' id='word_1_32' title='bbox 1017 1347 1211 1442; x_wconf 79' lang='lat' dir='ltr'><em>inductum,</em></span> 
     </span>
     <span class='ocr_line' id='line_1_6' title="bbox 119 1463 1211 1560; baseline 0 -24"><span class='ocrx_word' id='word_1_33' title='bbox 119 1463 349 1560; x_wconf 68' lang='lat' dir='ltr'><em>laudatorem</em></span> <span class='ocrx_word' id='word_1_34' title='bbox 370 1463 490 1556; x_wconf 86' lang='lat' dir='ltr'><em>potius</em></span> <span class='ocrx_word' id='word_1_35' title='bbox 507 1465 619 1557; x_wconf 78' lang='lat' dir='ltr'><em>episse</em></span> <span class='ocrx_word' id='word_1_36' title='bbox 645 1487 755 1560; x_wconf 85' lang='lat' dir='ltr'><em>quarn</em></span> <span class='ocrx_word' id='word_1_37' title='bbox 776 1488 935 1538; x_wconf 90' lang='lat' dir='ltr'><em>seuerum</em></span> <span class='ocrx_word' id='word_1_38' title='bbox 955 1488 1074 1537; x_wconf 90' lang='lat' dir='ltr'><em>rerum</em></span> <span class='ocrx_word' id='word_1_39' title='bbox 1092 1470 1211 1560; x_wconf 77' lang='lat' dir='ltr'><em>pesta-</em></span> 
     </span>
     <span class='ocr_line' id='line_1_7' title="bbox 119 1584 1212 1678; baseline 0.001 -25"><span class='ocrx_word' id='word_1_40' title='bbox 119 1605 200 1654; x_wconf 91' lang='lat' dir='ltr'><em>rum</em></span> <span class='ocrx_word' id='word_1_41' title='bbox 215 1602 409 1673; x_wconf 78' lang='lat' dir='ltr'><strong><em>censorem,</em></strong></span> <span class='ocrx_word' id='word_1_42' title='bbox 428 1585 463 1650; x_wconf 86' lang='lat' dir='ltr'><em>et</em></span> <span class='ocrx_word' id='word_1_43' title='bbox 480 1601 588 1675; x_wconf 86' lang='lat' dir='ltr'><em>quum</em></span> <span class='ocrx_word' id='word_1_44' title='bbox 598 1584 764 1676; x_wconf 83' lang='lat' dir='ltr'><em>pronimo</em></span> <span class='ocrx_word' id='word_1_45' title='bbox 777 1590 862 1677; x_wconf 90' lang='lat' dir='ltr'><em>post</em></span> <span class='ocrx_word' id='word_1_46' title='bbox 871 1585 1100 1678; x_wconf 86' lang='lat' dir='ltr'><em>imperatoris</em></span> <span class='ocrx_word' id='word_1_47' title='bbox 1117 1606 1212 1655; x_wconf 92' lang='lat' dir='ltr'><em>mor-</em></span> 
     </span>
     <span class='ocr_line' id='line_1_8' title="bbox 118 1685 1210 1796; baseline 0.001 -24"><span class='ocrx_word' id='word_1_48' title='bbox 118 1706 188 1772; x_wconf 87' lang='lat' dir='ltr'><em>tcrn</em></span> <span class='ocrx_word' id='word_1_49' title='bbox 202 1685 360 1792; x_wconf 81' lang='lat' dir='ltr'><em>tempore</em></span> <span class='ocrx_word' id='word_1_50' title='bbox 373 1697 551 1791; x_wconf 78' lang='lat' dir='ltr'><strong><em>scriberet,</em></strong></span> <span class='ocrx_word' id='word_1_51' title='bbox 573 1697 616 1769; x_wconf 93' lang='lat' dir='ltr'><em>de</em></span> <span class='ocrx_word' id='word_1_52' title='bbox 634 1699 860 1772; x_wconf 81' lang='lat' dir='ltr'><em>rebusmulto</em></span> <span class='ocrx_word' id='word_1_53' title='bbox 880 1707 963 1773; x_wconf 88' lang='lat' dir='ltr'><em>ante</em></span> <span class='ocrx_word' id='word_1_54' title='bbox 975 1703 1095 1796; x_wconf 80' lang='lat' dir='ltr'><em>pestis,</em></span> <span class='ocrx_word' id='word_1_55' title='bbox 1113 1701 1210 1773; x_wconf 82' lang='lat' dir='ltr'><em>nullo</em></span> 
     </span>
     <span class='ocr_line' id='line_1_9' title="bbox 119 1814 1212 1912; baseline 0.002 -22"><span class='ocrx_word' id='word_1_56' title='bbox 119 1825 160 1890; x_wconf 88' lang='lat' dir='ltr'><em>ut</em></span> <span class='ocrx_word' id='word_1_57' title='bbox 176 1816 312 1888; x_wconf 83' lang='lat' dir='ltr'><em>videtur</em></span> <span class='ocrx_word' id='word_1_58' title='bbox 329 1814 501 1888; x_wconf 83' lang='lat' dir='ltr'><em>librorum</em></span> <span class='ocrx_word' id='word_1_59' title='bbox 521 1815 737 1889; x_wconf 86' lang='lat' dir='ltr'><em>adminicuto</em></span> <span class='ocrx_word' id='word_1_60' title='bbox 756 1841 877 1912; x_wconf 86' lang='lat' dir='ltr'><em>usum,</em></span> <span class='ocrx_word' id='word_1_61' title='bbox 904 1818 1076 1890; x_wconf 83' lang='lat' dir='ltr'><em>nonnulla</em></span> <span class='ocrx_word' id='word_1_62' title='bbox 1094 1820 1212 1892; x_wconf 91' lang='lat' dir='ltr'><em>minus</em></span> 
     </span>
     <span class='ocr_line' id='line_1_10' title="bbox 121 1934 1209 2032; baseline -0.002 -23"><span class='ocrx_word' id='word_1_63' title='bbox 121 1940 291 2009; x_wconf 87' lang='lat' dir='ltr'><em>accurate</em></span> <span class='ocrx_word' id='word_1_64' title='bbox 310 1956 523 2026; x_wconf 84' lang='lat' dir='ltr'><em>enarrasse,</em></span> <span class='ocrx_word' id='word_1_65' title='bbox 551 1956 644 2029; x_wconf 86' lang='lat' dir='ltr'><em>quac</em></span> <span class='ocrx_word' id='word_1_66' title='bbox 665 1935 740 2006; x_wconf 88' lang='lat' dir='ltr'><em>suis</em></span> <span class='ocrx_word' id='word_1_67' title='bbox 758 1937 794 2006; x_wconf 90' lang='lat' dir='ltr'><em>in</em></span> <span class='ocrx_word' id='word_1_68' title='bbox 811 1934 900 2008; x_wconf 84' lang='lat' dir='ltr'><em>iocis</em></span> <span class='ocrx_word' id='word_1_69' title='bbox 917 1937 1060 2032; x_wconf 80' lang='lat' dir='ltr'><em>sinpula</em></span> <span class='ocrx_word' id='word_1_70' title='bbox 1077 1938 1209 2008; x_wconf 84' lang='lat' dir='ltr'><em>notaui.</em></span> 
     </span>
     <span class='ocr_line' id='line_1_11' title="bbox 120 2051 1209 2148; baseline -0.002 -21"><span class='ocrx_word' id='word_1_71' title='bbox 120 2053 193 2127; x_wconf 85' lang='lat' dir='ltr'><em>Sed</em></span> <span class='ocrx_word' id='word_1_72' title='bbox 217 2055 254 2124; x_wconf 94' lang='lat' dir='ltr'><em>in</em></span> <span class='ocrx_word' id='word_1_73' title='bbox 280 2076 399 2124; x_wconf 87' lang='lat' dir='ltr'><em>rerum</em></span> <span class='ocrx_word' id='word_1_74' title='bbox 426 2051 656 2145; x_wconf 75' lang='lat' dir='ltr'><em>dispositione</em></span> <span class='ocrx_word' id='word_1_75' title='bbox 682 2056 759 2124; x_wconf 86' lang='lat' dir='ltr'><em>tam</em></span> <span class='ocrx_word' id='word_1_76' title='bbox 783 2056 961 2148; x_wconf 78' lang='lat' dir='ltr'><em>eprepium</em></span> <span class='ocrx_word' id='word_1_77' title='bbox 989 2078 1027 2126; x_wconf 88' lang='lat' dir='ltr'><em>se</em></span> <span class='ocrx_word' id='word_1_78' title='bbox 1045 2054 1209 2147; x_wconf 85' lang='lat' dir='ltr'><em>ostendit,</em></span> 
     </span>
     <span class='ocr_line' id='line_1_12' title="bbox 119 2168 1211 2265; baseline -0.003 -20"><span class='ocrx_word' id='word_1_79' title='bbox 119 2173 325 2246; x_wconf 85' lang='lat' dir='ltr'><em>diuturnum</em></span> <span class='ocrx_word' id='word_1_80' title='bbox 352 2168 440 2241; x_wconf 81' lang='lat' dir='ltr'><em>iilud</em></span> <span class='ocrx_word' id='word_1_81' title='bbox 466 2171 643 2265; x_wconf 83' lang='lat' dir='ltr'><em>tantisque</em></span> <span class='ocrx_word' id='word_1_82' title='bbox 669 2170 814 2243; x_wconf 80' lang='lat' dir='ltr'><em>casibus</em></span> <span class='ocrx_word' id='word_1_83' title='bbox 841 2171 1022 2244; x_wconf 84' lang='lat' dir='ltr'><em>turbatum</em></span> <span class='ocrx_word' id='word_1_84' title='bbox 1050 2172 1211 2243; x_wconf 87' lang='lat' dir='ltr'><em>Heinrici</em></span> 
     </span>
     <span class='ocr_line' id='line_1_13' title="bbox 119 2289 1206 2386; baseline -0.006 -21"><span class='ocrx_word' id='word_1_85' title='bbox 119 2313 267 2386; x_wconf 78' lang='lat' dir='ltr'><em>repnum</em></span> <span class='ocrx_word' id='word_1_86' title='bbox 296 2293 400 2359; x_wconf 87' lang='lat' dir='ltr'><em>tanta</em></span> <span class='ocrx_word' id='word_1_87' title='bbox 425 2293 504 2358; x_wconf 89' lang='lat' dir='ltr'><em>arte</em></span> <span class='ocrx_word' id='word_1_88' title='bbox 522 2311 593 2360; x_wconf 91' lang='lat' dir='ltr'><em>uno</em></span> <span class='ocrx_word' id='word_1_89' title='bbox 611 2289 677 2360; x_wconf 86' lang='lat' dir='ltr'><em>sub</em></span> <span class='ocrx_word' id='word_1_90' title='bbox 696 2297 885 2383; x_wconf 85' lang='lat' dir='ltr'><em>conspectu</em></span> <span class='ocrx_word' id='word_1_91' title='bbox 912 2290 1025 2363; x_wconf 84' lang='lat' dir='ltr'><em>ocutis</em></span> <span class='ocrx_word' id='word_1_92' title='bbox 1049 2289 1206 2383; x_wconf 73' lang='lat' dir='ltr'><em>subiecit,</em></span> 
     </span>
     <span class='ocr_line' id='line_1_14' title="bbox 119 2406 1207 2500; baseline -0.005 -18"><span class='ocrx_word' id='word_1_93' title='bbox 119 2414 160 2482; x_wconf 87' lang='lat' dir='ltr'><em>ut</em></span> <span class='ocrx_word' id='word_1_94' title='bbox 175 2407 244 2479; x_wconf 79' lang='lat' dir='ltr'><em>hac</em></span> <span class='ocrx_word' id='word_1_95' title='bbox 263 2429 306 2477; x_wconf 81' lang='lat' dir='ltr'><em>eu</em></span> <span class='ocrx_word' id='word_1_96' title='bbox 321 2411 427 2498; x_wconf 91' lang='lat' dir='ltr'><em>parte</em></span> <span class='ocrx_word' id='word_1_97' title='bbox 446 2412 539 2477; x_wconf 88' lang='lat' dir='ltr'><em>certe</em></span> <span class='ocrx_word' id='word_1_98' title='bbox 557 2409 688 2478; x_wconf 72' lang='lat' dir='ltr'><em>neniini</em></span> <span class='ocrx_word' id='word_1_99' title='bbox 705 2406 819 2480; x_wconf 88' lang='lat' dir='ltr'><em>cednt.</em></span> <span class='ocrx_word' id='word_1_100' title='bbox 865 2406 1048 2479; x_wconf 86' lang='lat' dir='ltr'><em>Sermonis</em></span> <span class='ocrx_word' id='word_1_101' title='bbox 1066 2406 1207 2500; x_wconf 78' lang='lat' dir='ltr'><em>depan-</em></span> 
     </span>
     <span class='ocr_line' id='line_1_15' title="bbox 117 2523 1210 2619; baseline -0.005 -18"><span class='ocrx_word' id='word_1_102' title='bbox 117 2530 204 2601; x_wconf 85' lang='lat' dir='ltr'><em>tiam</em></span> <span class='ocrx_word' id='word_1_103' title='bbox 221 2530 306 2619; x_wconf 88' lang='lat' dir='ltr'><em>post</em></span> <span class='ocrx_word' id='word_1_104' title='bbox 323 2523 575 2596; x_wconf 81' lang='lat' dir='ltr'><em>Cnsaubonum</em></span> <span class='ocrx_word' id='word_1_105' title='bbox 594 2524 750 2597; x_wconf 82' lang='lat' dir='ltr'><em>laudare</em></span> <span class='ocrx_word' id='word_1_106' title='bbox 767 2524 886 2596; x_wconf 85' lang='lat' dir='ltr'><em>inutile</em></span> <span class='ocrx_word' id='word_1_107' title='bbox 904 2531 956 2597; x_wconf 88' lang='lat' dir='ltr'><em>est</em></span> <span class='ocrx_word' id='word_1_108' title='bbox 964 2551 978 2616; x_wconf 75' lang='lat'><em>&gt;⁶</em></span> <span class='ocrx_word' id='word_1_109' title='bbox 1005 2525 1153 2597; x_wconf 80' lang='lat' dir='ltr'><em>Horatii</em></span> <span class='ocrx_word' id='word_1_110' title='bbox 1176 2532 1210 2596; x_wconf 89' lang='lat' dir='ltr'><em>et</em></span> 
     </span>
     <span class='ocr_line' id='line_1_16' title="bbox 119 2640 1205 2744; baseline -0.006 -25"><span class='ocrx_word' id='word_1_111' title='bbox 119 2645 268 2719; x_wconf 79' lang='lat' dir='ltr'><em>Terentii</em></span> <span class='ocrx_word' id='word_1_112' title='bbox 293 2640 393 2714; x_wconf 88' lang='lat' dir='ltr'><em>iocos</em></span> <span class='ocrx_word' id='word_1_113' title='bbox 411 2648 540 2744; x_wconf 85' lang='lat' dir='ltr'><em>auctor</em></span> <span class='ocrx_word' id='word_1_114' title='bbox 567 2641 618 2713; x_wconf 93' lang='lat' dir='ltr'><em>ad</em></span> <span class='ocrx_word' id='word_1_115' title='bbox 634 2642 822 2714; x_wconf 82' lang='lat' dir='ltr'><em>uerborum</em></span> <span class='ocrx_word' id='word_1_116' title='bbox 846 2649 1014 2714; x_wconf 88' lang='lat' dir='ltr'><em>ornatum</em></span> <span class='ocrx_word' id='word_1_117' title='bbox 1034 2643 1205 2736; x_wconf 79' lang='lat' dir='ltr'><em>adhibuit,</em></span> 
     </span>
     <span class='ocr_line' id='line_1_17' title="bbox 116 2759 1206 2854; baseline -0.006 -15"><span class='ocrx_word' id='word_1_118' title='bbox 116 2765 181 2840; x_wconf 89' lang='lat' dir='ltr'><em>scd</em></span> <span class='ocrx_word' id='word_1_119' title='bbox 198 2760 308 2834; x_wconf 88' lang='lat' dir='ltr'><em>muito</em></span> <span class='ocrx_word' id='word_1_120' title='bbox 322 2761 440 2854; x_wconf 79' lang='lat' dir='ltr'><em>mopis</em></span> <span class='ocrx_word' id='word_1_121' title='bbox 457 2765 531 2831; x_wconf 86' lang='lat' dir='ltr'><em>toto</em></span> <span class='ocrx_word' id='word_1_122' title='bbox 545 2761 721 2832; x_wconf 89' lang='lat' dir='ltr'><em>orationis</em></span> <span class='ocrx_word' id='word_1_123' title='bbox 734 2759 855 2832; x_wconf 83' lang='lat' dir='ltr'><em>colore</em></span> <span class='ocrx_word' id='word_1_124' title='bbox 869 2761 1043 2832; x_wconf 81' lang='lat' dir='ltr'><em>bonorum</em></span> <span class='ocrx_word' id='word_1_125' title='bbox 1057 2764 1169 2854; x_wconf 91' lang='lat' dir='ltr'><em>script</em></span> <span class='ocrx_word' id='word_1_126' title='bbox 1193 2803 1206 2813; x_wconf 96' lang='lat'><em>-</em></span> 
     </span>
     <span class='ocr_line' id='line_1_18' title="bbox 115 2877 1205 2974; baseline -0.006 -18"><span class='ocrx_word' id='word_1_127' title='bbox 115 2906 196 2957; x_wconf 88' lang='lat' dir='ltr'><em>rum</em></span> <span class='ocrx_word' id='word_1_128' title='bbox 213 2881 375 2952; x_wconf 87' lang='lat' dir='ltr'><em>intimam</em></span> <span class='ocrx_word' id='word_1_129' title='bbox 394 2877 629 2971; x_wconf 79' lang='lat' dir='ltr'><em>capnitionem</em></span> <span class='ocrx_word' id='word_1_130' title='bbox 645 2877 777 2972; x_wconf 81' lang='lat' dir='ltr'><em>prodit,</em></span> <span class='ocrx_word' id='word_1_131' title='bbox 796 2879 936 2974; x_wconf 83' lang='lat' dir='ltr'><em>quatem</em></span> <span class='ocrx_word' id='word_1_132' title='bbox 951 2903 995 2950; x_wconf 86' lang='lat' dir='ltr'><em>eu</em></span> <span class='ocrx_word' id='word_1_133' title='bbox 1008 2877 1205 2973; x_wconf 83' lang='lat' dir='ltr'><em>praeclara</em></span> 
     </span>
     <span class='ocr_line' id='line_1_19' title="bbox 116 2994 879 3089; baseline -0.007 -16"><span class='ocrx_word' id='word_1_134' title='bbox 116 2998 303 3073; x_wconf 87' lang='lat' dir='ltr'><em>Leodiensi</em></span> <span class='ocrx_word' id='word_1_135' title='bbox 321 2994 508 3088; x_wconf 81' lang='lat' dir='ltr'><em>disciplina</em></span> <span class='ocrx_word' id='word_1_136' title='bbox 527 2996 662 3067; x_wconf 83' lang='lat' dir='ltr'><em>uenisse</em></span> <span class='ocrx_word' id='word_1_137' title='bbox 679 2997 879 3089; x_wconf 91' lang='lat' dir='ltr'><em>suspiceris.</em></span> 
     </span>
    </p>

    <p class='ocr_par' dir='ltr' id='par_1_3' title="bbox 88 3112 1205 4156">
     <span class='ocr_line' id='line_1_20' title="bbox 190 3112 1205 3206; baseline -0.002 -18"><span class='ocrx_word' id='word_1_138' title='bbox 190 3117 306 3188; x_wconf 89' lang='lat' dir='ltr'><em>Porro</em></span> <span class='ocrx_word' id='word_1_139' title='bbox 324 3112 379 3186; x_wconf 78' lang='lat' dir='ltr'><em>his</em></span> <span class='ocrx_word' id='word_1_140' title='bbox 396 3115 432 3184; x_wconf 88' lang='lat' dir='ltr'><em>in</em></span> <span class='ocrx_word' id='word_1_141' title='bbox 447 3112 612 3206; x_wconf 81' lang='lat' dir='ltr'><em>portibus</em></span> <span class='ocrx_word' id='word_1_142' title='bbox 626 3118 808 3185; x_wconf 86' lang='lat' dir='ltr'><em>auctorem</em></span> <span class='ocrx_word' id='word_1_143' title='bbox 829 3116 956 3185; x_wconf 77' lang='lat' dir='ltr'><em>vicisse</em></span> <span class='ocrx_word' id='word_1_144' title='bbox 974 3113 1128 3186; x_wconf 84' lang='lat' dir='ltr'><em>ostendit</em></span> <span class='ocrx_word' id='word_1_145' title='bbox 1146 3137 1205 3186; x_wconf 91' lang='lat' dir='ltr'><em>uc-</em></span> 
     </span>
     <span class='ocr_line' id='line_1_21' title="bbox 117 3230 1205 3327; baseline -0.006 -18"><span class='ocrx_word' id='word_1_146' title='bbox 117 3236 347 3310; x_wconf 87' lang='lat' dir='ltr'><em>curatissimn</em></span> <span class='ocrx_word' id='word_1_147' title='bbox 374 3231 417 3302; x_wconf 88' lang='lat' dir='ltr'><em>dc</em></span> <span class='ocrx_word' id='word_1_148' title='bbox 444 3231 610 3301; x_wconf 73' lang='lat' dir='ltr'><em>extremis</em></span> <span class='ocrx_word' id='word_1_149' title='bbox 634 3230 793 3302; x_wconf 87' lang='lat' dir='ltr'><em>Heinrici</em></span> <span class='ocrx_word' id='word_1_150' title='bbox 818 3233 985 3304; x_wconf 83' lang='lat' dir='ltr'><em>narratio</em></span> <span class='ocrx_word' id='word_1_151' title='bbox 992 3259 1007 3324; x_wconf 78' lang='lat'><em>,-</em></span> <span class='ocrx_word' id='word_1_152' title='bbox 1032 3233 1115 3327; x_wconf 84' lang='lat' dir='ltr'><em>quin</em></span> <span class='ocrx_word' id='word_1_153' title='bbox 1141 3231 1205 3303; x_wconf 92' lang='lat' dir='ltr'><em>ad-</em></span> 
     </span>
     <span class='ocr_line' id='line_1_22' title="bbox 115 3348 1205 3444; baseline -0.006 -17"><span class='ocrx_word' id='word_1_154' title='bbox 115 3353 259 3428; x_wconf 84' lang='lat' dir='ltr'><em>modum</em></span> <span class='ocrx_word' id='word_1_155' title='bbox 273 3348 492 3436; x_wconf 79' lang='lat' dir='ltr'><em>tamiiinrem</em></span> <span class='ocrx_word' id='word_1_156' title='bbox 506 3349 580 3419; x_wconf 88' lang='lat' dir='ltr'><em>eius</em></span> <span class='ocrx_word' id='word_1_157' title='bbox 595 3350 747 3420; x_wconf 87' lang='lat' dir='ltr'><em>amicum</em></span> <span class='ocrx_word' id='word_1_158' title='bbox 759 3349 918 3442; x_wconf 81' lang='lat' dir='ltr'><em>probare</em></span> <span class='ocrx_word' id='word_1_159' title='bbox 931 3349 1103 3444; x_wconf 76' lang='lat' dir='ltr'><em>ridentur,</em></span> <span class='ocrx_word' id='word_1_160' title='bbox 1114 3371 1205 3444; x_wconf 84' lang='lat' dir='ltr'><em>quac</em></span> 
     </span>
     <span class='ocr_line' id='line_1_23' title="bbox 116 3466 1203 3560; baseline -0.007 -16"><span class='ocrx_word' id='word_1_161' title='bbox 116 3473 160 3545; x_wconf 90' lang='lat' dir='ltr'><em>de</em></span> <span class='ocrx_word' id='word_1_162' title='bbox 177 3471 303 3542; x_wconf 81' lang='lat' dir='ltr'><em>ultima</em></span> <span class='ocrx_word' id='word_1_163' title='bbox 321 3467 551 3560; x_wconf 89' lang='lat' dir='ltr'><em>imperatoris</em></span> <span class='ocrx_word' id='word_1_164' title='bbox 570 3467 791 3549; x_wconf 80' lang='lat' dir='ltr'><em>confessione</em></span> <span class='ocrx_word' id='word_1_165' title='bbox 810 3466 936 3538; x_wconf 85' lang='lat' dir='ltr'><em>retulit.</em></span> <span class='ocrx_word' id='word_1_166' title='bbox 976 3468 1042 3555; x_wconf 78' lang='lat' dir='ltr'><em>(ini</em></span> <span class='ocrx_word' id='word_1_167' title='bbox 1059 3490 1136 3538; x_wconf 89' lang='lat' dir='ltr'><em>cum</em></span> <span class='ocrx_word' id='word_1_168' title='bbox 1157 3466 1203 3536; x_wconf 84' lang='lat' dir='ltr'><em>ab</em></span> 
     </span>
     <span class='ocr_line' id='line_1_24' title="bbox 116 3581 1203 3678; baseline -0.006 -16"><span class='ocrx_word' id='word_1_169' title='bbox 116 3589 281 3663; x_wconf 79' lang='lat' dir='ltr'><em>omnibus</em></span> <span class='ocrx_word' id='word_1_170' title='bbox 306 3589 383 3672; x_wconf 78' lang='lat' dir='ltr'><em>fere</em></span> <span class='ocrx_word' id='word_1_171' title='bbox 413 3589 497 3654; x_wconf 88' lang='lat' dir='ltr'><em>tuuc</em></span> <span class='ocrx_word' id='word_1_172' title='bbox 529 3581 715 3655; x_wconf 84' lang='lat' dir='ltr'><em>derelictus</em></span> <span class='ocrx_word' id='word_1_173' title='bbox 743 3591 850 3678; x_wconf 81' lang='lat' dir='ltr'><em>esset,</em></span> <span class='ocrx_word' id='word_1_174' title='bbox 881 3607 954 3656; x_wconf 92' lang='lat' dir='ltr'><em>non</em></span> <span class='ocrx_word' id='word_1_175' title='bbox 984 3588 1058 3656; x_wconf 90' lang='lat' dir='ltr'><em>sine</em></span> <span class='ocrx_word' id='word_1_176' title='bbox 1089 3607 1203 3656; x_wconf 86' lang='lat' dir='ltr'><em>eausa</em></span> 
     </span>
     <span class='ocr_line' id='line_1_25' title="bbox 116 3701 1203 3795; baseline -0.008 -13"><span class='ocrx_word' id='word_1_177' title='bbox 116 3709 309 3782; x_wconf 84' lang='lat' dir='ltr'><em>Gdtdastus</em></span> <span class='ocrx_word' id='word_1_178' title='bbox 336 3706 469 3794; x_wconf 80' lang='lat' dir='ltr'><em>virum,</em></span> <span class='ocrx_word' id='word_1_179' title='bbox 496 3701 555 3795; x_wconf 84' lang='lat' dir='ltr'><em>qui</em></span> <span class='ocrx_word' id='word_1_180' title='bbox 577 3701 827 3773; x_wconf 88' lang='lat' dir='ltr'><em>inconcussam</em></span> <span class='ocrx_word' id='word_1_181' title='bbox 854 3704 886 3772; x_wconf 89' lang='lat' dir='ltr'><em>ci</em></span> <span class='ocrx_word' id='word_1_182' title='bbox 908 3701 1013 3788; x_wconf 73' lang='lat' dir='ltr'><em>tidem</em></span> <span class='ocrx_word' id='word_1_183' title='bbox 1038 3702 1203 3794; x_wconf 82' lang='lat' dir='ltr'><em>seruauit,</em></span> 
     </span>
     <span class='ocr_line' id='line_1_26' title="bbox 88 3817 1202 3922; baseline -0.008 -24"><span class='ocrx_word' id='word_1_184' title='bbox 88 3866 93 3872; x_wconf 93' lang='lat'><em>-</em></span> <span class='ocrx_word' id='word_1_185' title='bbox 113 3850 180 3922; x_wconf 93' lang='lat' dir='ltr'><em>pro</em></span> <span class='ocrx_word' id='word_1_186' title='bbox 199 3829 293 3897; x_wconf 88' lang='lat' dir='ltr'><em>uitae</em></span> <span class='ocrx_word' id='word_1_187' title='bbox 309 3827 457 3894; x_wconf 88' lang='lat' dir='ltr'><em>auctore</em></span> <span class='ocrx_word' id='word_1_188' title='bbox 474 3817 609 3913; x_wconf 77' lang='lat' dir='ltr'><em>habuit,</em></span> <span class='ocrx_word' id='word_1_189' title='bbox 632 3817 811 3891; x_wconf 78' lang='lat' dir='ltr'><em>otbertum</em></span> <span class='ocrx_word' id='word_1_190' title='bbox 831 3818 1202 3891; x_wconf 84' lang='lat' dir='ltr'><em>scilicetLeodicnsem</em></span> 
     </span>
     <span class='ocr_line' id='line_1_27' title="bbox 114 3937 1205 4039; baseline -0.008 -23"><span class='ocrx_word' id='word_1_191' title='bbox 114 3946 332 4039; x_wconf 78' lang='lat' dir='ltr'><em>episcopum,</em></span> <span class='ocrx_word' id='word_1_192' title='bbox 360 3942 473 4011; x_wconf 90' lang='lat' dir='ltr'><em>virum</em></span> <span class='ocrx_word' id='word_1_193' title='bbox 498 3938 689 4030; x_wconf 70' lang='lat' dir='ltr'><em>indpnem,</em></span> <span class='ocrx_word' id='word_1_194' title='bbox 717 3939 818 4009; x_wconf 87' lang='lat' dir='ltr'><em>cuius</em></span> <span class='ocrx_word' id='word_1_195' title='bbox 843 3940 947 4023; x_wconf 78' lang='lat' dir='ltr'><em>tanco</em></span> <span class='ocrx_word' id='word_1_196' title='bbox 977 3937 1205 4028; x_wconf 79' lang='lat' dir='ltr'><em>apontifia&#39;is</em></span> 
     </span>
     <span class='ocr_line' id='line_1_28' title="bbox 115 4052 1204 4156; baseline -0.009 -22"><span class='ocrx_word' id='word_1_197' title='bbox 115 4058 349 4156; x_wconf 80' lang='lat' dir='ltr'><em>scriptoribus</em></span> <span class='ocrx_word' id='word_1_198' title='bbox 378 4056 573 4129; x_wconf 89' lang='lat' dir='ltr'><em>admodum</em></span> <span class='ocrx_word' id='word_1_199' title='bbox 603 4055 799 4127; x_wconf 76' lang='lat' dir='ltr'><em>obscurato</em></span> <span class='ocrx_word' id='word_1_200' title='bbox 826 4060 893 4148; x_wconf 75' lang='lat' dir='ltr'><em>est,</em></span> <span class='ocrx_word' id='word_1_201' title='bbox 923 4076 1029 4151; x_wconf 83' lang='lat' dir='ltr'><em>quum</em></span> <span class='ocrx_word' id='word_1_202' title='bbox 1057 4052 1104 4124; x_wconf 83' lang='lat' dir='ltr'><em>ab</em></span> <span class='ocrx_word' id='word_1_203' title='bbox 1125 4053 1204 4124; x_wconf 85' lang='lat' dir='ltr'><em>otiis</em></span> 
     </span>
    </p>

    <p class='ocr_par' dir='ltr' id='par_1_4' title="bbox 939 4170 955 4201">
     <span class='ocr_line' id='line_1_29' title="bbox 939 4170 955 4201; baseline -0.063 1"><span class='ocrx_word' id='word_1_204' title='bbox 939 4170 955 4201; x_wconf 60' lang='lat'><em>⁴¹</em></span> 
     </span>
    </p>
   </div>
   <div class='ocr_carea' id='block_1_3' title="bbox 0 0 1414 4770">
    <p class='ocr_par' dir='ltr' id='par_1_5' title="bbox 0 0 1414 4770">
     <span class='ocr_line' id='line_1_30' title="bbox 0 0 1414 4770; baseline 0 3"><span class='ocrx_word' id='word_1_205' title='bbox 0 0 1414 4770; x_wconf 95' lang='lat' dir='ltr'><em> </em></span> 
     </span>
    </p>
   </div>
  </div>
 </body>
</html>
