2820 4770
212 331 260 404 28
368 331 476 404 VITA
502 333 707 409 HEINRICI
733 334 788 405 IV.
816 276 1143 407 IMPERATORfS‘.

113 553 190 606 1106.
210 531 335 624 pendis
353 529 552 603 horninibus
570 539 724 604 naturae
744 532 904 626 debeant,
931 539 1199 626 recopnoscunt.
1235 530 1309 604 Sed

211 630 296 724 quid
322 632 467 724 mirum,
502 635 534 703 si
567 631 728 725 malipna
762 635 939 725 surreptio
964 632 1169 704 seductilem
1194 638 1229 702 et
1253 633 1305 702 in·

210 735 393 801 maturam
421 738 575 802 aetatem
601 732 746 825 decepit,
774 756 852 802 curn
878 734 986 802 etiam
1013 755 1115 803 senes
1140 738 1175 802 et
1194 735 1304 818 finum

210 832 321 899 animi
345 836 477 901 statum
506 831 556 901 ad
582 831 717 901 molum
744 831 844 902 mula
867 831 1018 903 consilia
1036 853 1305 925 nonnumquam

209 930 413 1012 inflectant?
437 931 600 1001 Fortuna
618 954 700 1001 mea
719 930 825 1000 alieni
838 933 958 1021 polius
976 954 1083 1026 quarn
1099 933 1150 1002 tui
1162 930 1305 1002 sceleris

210 1014 394 1131 esuffiom
420 1035 457 1100 tu
484 1032 519 1100 in
546 1030 711 1100 omnibus
728 1030 954 1101 suadentium
983 1053 1077 1124 eras,
1103 1053 1174 1110 non
1200 1030 1252 1100 illi
1266 1032 1304 1101 in

209 1131 306 1219 tuis]
325 1127 366 1199 Si
383 1134 502 1200 nutem
528 1131 697 1199 iniuriam
724 1128 918 1222 addideris,
945 1153 1016 1200 non
1041 1132 1115 1201 ium
1137 1131 1305 1201 excusari

206 1231 352 1321 poteris,
382 1252 463 1299 cum
481 1235 513 1299 et
538 1231 677 1314 factam
696 1230 828 1299 crimen
848 1252 923 1300 esse
941 1231 1048 1322 scias,
1077 1236 1112 1300 et
1132 1231 1303 1315 infectam

208 1350 231 1398 n
304 1331 427 1414 facere
451 1352 572 1423 queas.
607 1326 862 1421 Audiuienim,
895 1330 991 1422 quod
1015 1328 1155 1421 pascha
1180 1327 1304 1398 Leodii

209 1452 247 1499 ce
262 1428 457 1499 ebrandnrn
485 1429 702 1517 decreveris,-
720 1413 806 1539 [quc
833 1430 869 1498 in
899 1429 977 1500 loco
1006 1429 1095 1515 fides
1125 1434 1157 1499 el
1184 1430 1302 1520 pietas

209 1529 365 1622 episcopi
382 1552 436 1598 me
455 1530 595 1620 recepit,
614 1551 693 1598 cum
707 1550 777 1597 non
793 1533 893 1621 esset,
913 1529 973 1621 qui
986 1528 1040 1599 oel
1052 1528 1302 1613 beneficiorum

208 1634 413 1699 nostrornm
446 1627 716 1719 recordaretur,
747 1627 801 1697 cel
830 1629 1000 1712 fortunae
1026 1606 1321 1721 compateretur]

209 1729 315 1800 Cuius
336 1729 499 1820 profecto
525 1727 698 1814 beneficiis
722 1728 758 1795 in
784 1750 850 1819 me,
877 1732 911 1796 te
936 1727 1035 1798 decet
1052 1729 1152 1820 repta
1171 1726 1301 1797 libera-

207 1827 306 1898 litate
324 1826 538 1919 respondere
547 1853 561 1915 ,·
592 1831 761 1920 tantoque
779 1827 910 1897 certior
928 1826 971 1897 de
989 1827 1064 1897 eius
1081 1826 1149 1913 fide
1164 1827 1301 1918 poteris

208 1951 293 2016 esse,
313 1932 448 2020 quanto
466 1925 602 2013 fidelius
621 1949 708 2018 erpo
727 1948 794 1996 nos
810 1925 990 2018 probatur
1003 1928 1124 2019 episse.
1152 1926 1219 1997 Hic
1232 1927 1302 1997 nisi

205 2029 299 2112 forte
318 2032 350 2096 te
369 2027 476 2097 donia
496 2027 676 2118 receperit,
696 2049 750 2095 me
769 2048 888 2095 secum
902 2027 938 2096 in
950 2027 1140 2110 festivitate
1156 2024 1302 2119 pascali

206 2126 426 2196 retinendum
454 2126 615 2197 decrevit.
661 2124 830 2218 didicis,
858 2125 1003 2217 dipnunr
1031 2130 1066 2195 et
1088 2126 1300 2198 conveniens

207 2249 293 2318 esse,
323 2232 360 2296 ul
379 2249 422 2296 ea
440 2227 615 2311 festivitas
637 2227 758 2316 potius
775 2247 842 2296 nos
859 2226 986 2317 iunpat
1009 2247 1117 2318 quum
1138 2223 1299 2314 uicinae,-

204 2332 238 2396 te
263 2324 365 2418 uelle,
391 2331 424 2396 te
450 2348 595 2418 cupere,
627 2329 666 2393 nt
690 2324 738 2394 ibi
762 2330 876 2394 tecum
900 2347 1012 2416 apum
1039 2324 1113 2395 dies
1137 2323 1300 2416 pascalis

205 2425 379 2498 laeticiae.
416 2424 520 2513 (luod
546 2423 684 2517 quidem
705 2430 737 2495 et
764 2447 829 2517 epo
849 2423 1046 2494 admodum
1065 2446 1241 2517 cuperem,
1268 2425 1301 2495 si

205 2547 275 2594 non
294 2531 384 2596 esset
401 2525 498 2619 quod
515 2525 683 2594 timerem.
718 2523 838 2618 Neque
862 2525 951 2593 enim
971 2546 1042 2593 non
1058 2546 1207 2615 possum
1224 2546 1299 2594 non

204 2627 326 2695 timere
352 2648 413 2695 eos
440 2647 529 2719 quos
553 2622 638 2694 milii
665 2625 773 2693 vitam
798 2625 1002 2715 permisisse
1018 2625 1184 2715 poenitet,
1211 2621 1296 2694 dum

204 2726 240 2794 in
265 2726 430 2795 manibus
457 2747 579 2794 eorum
609 2745 708 2793 mors
734 2728 768 2793 et
790 2725 862 2793 vita
887 2746 967 2793 mea
993 2723 1127 2807 fuisset.
1166 2721 1295 2794 Omnia

116 2910 119 2915 .
203 2825 288 2895 milii
310 2830 474 2915 suspecta
499 2830 592 2914 sunt,
627 2824 748 2892 omnia
774 2823 932 2893 timenda
959 2828 1052 2916 sunt,
1077 2824 1233 2907 manime
1259 2824 1296 2892 iu

204 2924 322 3017 turba,
350 2923 410 2993 ubi
433 2929 534 2993 tanto
561 2922 739 3008 difficilior
763 2929 816 2993 est
835 2922 984 3014 periculi
1000 2923 1132 3015 cautio,
1160 2927 1296 3016 querito

204 3027 324 3094 maior
341 3022 483 3093 sceleris
500 3023 655 3092 occasio.
689 3021 776 3091 Inde
790 3028 852 3114 est,
872 3022 969 3116 quod
981 3045 1024 3092 ec
1037 3021 1154 3093 medio
1171 3045 1295 3092 eorum

204 3124 264 3218 qui
281 3146 336 3193 me
354 3123 515 3214 oderunt,
542 3121 645 3215 lonpe
663 3122 803 3214 recessi,
831 3126 865 3192 et
888 3123 923 3191 in
943 3123 1107 3192 entremis
1126 3123 1227 3217 repni
1244 3124 1296 3192 tui

201 3223 330 3310 linibus
348 3247 402 3293 me
420 3224 607 3310 contraci,·
635 3226 674 3290 ut
699 3220 752 3291 uel
776 3243 916 3292 secessu
934 3221 1004 3292 loci
1021 3227 1117 3291 tutus
1134 3223 1212 3314 sim,
1241 3221 1297 3292 vel

202 3326 233 3393 si
257 3325 407 3406 fortuna
433 3344 513 3392 mec
538 3320 772 3412 postulaverit
798 3325 1008 3391 entranenm
1036 3321 1295 3412 humanitatem

202 3429 374 3514 enpetere,
389 3423 491 3492 cilius
504 3444 521 3491 e
535 3443 645 3514 repno
660 3425 720 3489 tuo
734 3419 858 3490 cedere
874 3422 1019 3512 possim.
1034 3414 1180 3509 lljrecor
1192 3443 1291 3515 erpo,

200 3528 240 3593 at
264 3544 379 3592 causa
403 3522 521 3614 patris
547 3522 598 3590 tui
619 3519 803 3611 pascalem
830 3521 968 3590 curium
997 3519 1084 3590 alibi
1107 3521 1292 3615 disponas,

201 3628 234 3693 et
251 3623 290 3692 in·
306 3621 413 3692 domo
433 3623 506 3690 eius
525 3621 584 3713 qni
597 3643 651 3688 me
665 3618 900 3690 humanitatis
913 3622 1036 3712 pratia
1050 3622 1190 3714 recepit,
1209 3645 1292 3692 cum
1341 3679 1345 3694 .

200 3744 271 3792 non
290 3722 397 3792 liceat
411 3722 673 3813 imperatorem,
697 3718 816 3789 saltim
835 3718 1006 3812 hospitem
1024 3742 1100 3791 esse
1116 3722 1229 3814 sinas,
1248 3745 1293 3792 ne

200 3821 255 3891 vel
279 3823 314 3891 in
342 3843 455 3891 meum
481 3819 684 3907 ludibrium,
712 3818 765 3888 nel
782 3821 818 3889 in
837 3824 935 3889 tuum
954 3819 1184 3913 obprobrium
1203 3843 1290 3892 nar-

199 3927 314 4012 retur,
346 3920 443 4015 quod
472 3921 507 3989 in
536 3919 759 3990 solemnitate
789 3919 989 3990 dominicae
1019 3923 1292 3995 resurrectionis

198 4023 334 4091 incerta
360 4021 521 4112 hospicia
539 4022 694 4103 ,fortuna
721 4042 803 4088 mea
821 4042 965 4112 querere
983 4015 1166 4135 copatuffl
1182 4021 1223 4092 Si
1238 4025 1291 4106 fe-

198 4122 289 4191 ceris
308 4120 405 4214 quod
420 4118 574 4211 postulo,
593 4121 775 4189 inarimos
792 4125 916 4211 prutes
928 4119 1066 4210 babeo,-
1083 4144 1139 4191 sin
1157 4127 1291 4216 autem,

197 4220 296 4292 malo
315 4219 495 4291 mendicus
520 4242 595 4289 esse
618 4220 653 4288 in
673 4220 827 4290 ecternis
845 4222 984 4313 repnis,
1001 4243 1109 4314 peram
1137 4220 1290 4293 ludibrio
