<?xml version="1.0" encoding="UTF-8"?>
<!DOCTYPE html PUBLIC "-//W3C//DTD XHTML 1.0 Transitional//EN"
    "http://www.w3.org/TR/xhtml1/DTD/xhtml1-transitional.dtd">
<html xmlns="http://www.w3.org/1999/xhtml" xml:lang="en" lang="en">
 <head>
  <title>
</title>
<meta http-equiv="Content-Type" content="text/html;charset=utf-8" />
  <meta name='ocr-system' content='tesseract 3.04.00' />
  <meta name='ocr-capabilities' content='ocr_page ocr_carea ocr_par ocr_line ocrx_word'/>
</head>
<body>
  <div class='ocr_page' id='page_1' title='image "./vitaheinriciivi00guidgoog_0042.png"; bbox 0 0 2820 4770; ppageno 0'>
   <div class='ocr_carea' id='block_1_1' title="bbox 270 315 1206 391">
    <p class='ocr_par' dir='ltr' id='par_1_1' title="bbox 270 315 1206 391">
     <span class='ocr_line' id='line_1_1' title="bbox 270 315 1206 391; baseline -0.002 -2"><span class='ocrx_word' id='word_1_1' title='bbox 270 318 378 390; x_wconf 88' lang='lat' dir='ltr'>VITA</span> <span class='ocrx_word' id='word_1_2' title='bbox 405 317 611 391; x_wconf 87' lang='lat' dir='ltr'><strong><em>HElNRICl</em></strong></span> <span class='ocrx_word' id='word_1_3' title='bbox 637 318 692 389; x_wconf 90' lang='lat' dir='ltr'><strong><em>IV.</em></strong></span> <span class='ocrx_word' id='word_1_4' title='bbox 720 315 1047 389; x_wconf 85' lang='lat' dir='ltr'>IMPERATORIS.</span> <span class='ocrx_word' id='word_1_5' title='bbox 1161 317 1206 388; x_wconf 84' lang='lat'><strong><em>31</em></strong></span> 
     </span>
    </p>
   </div>
   <div class='ocr_carea' id='block_1_2' title="bbox 117 514 1311 4279">
    <p class='ocr_par' dir='ltr' id='par_1_2' title="bbox 117 514 1311 4279">
     <span class='ocr_line' id='line_1_2' title="bbox 118 514 1311 612; baseline 0.002 -23"><span class='ocrx_word' id='word_1_6' title='bbox 118 526 152 590; x_wconf 90' lang='lat' dir='ltr'><strong><em>et</em></strong></span> <span class='ocrx_word' id='word_1_7' title='bbox 180 519 337 612; x_wconf 84' lang='lat' dir='ltr'><strong><em>obsequii</em></strong></span> <span class='ocrx_word' id='word_1_8' title='bbox 363 517 547 588; x_wconf 86' lang='lat' dir='ltr'><strong><em>devotione</em></strong></span> <span class='ocrx_word' id='word_1_9' title='bbox 574 514 721 585; x_wconf 88' lang='lat' dir='ltr'><strong><em>multum</em></strong></span> <span class='ocrx_word' id='word_1_10' title='bbox 747 515 1079 608; x_wconf 77' lang='lat' dir='ltr'><strong><em>praesumebamus,</em></strong></span> <span class='ocrx_word' id='word_1_11' title='bbox 1109 514 1211 586; x_wconf 88' lang='lat' dir='ltr'><strong><em>nobis</em></strong></span> <span class='ocrx_word' id='word_1_12' title='bbox 1233 537 1311 591; x_wconf 70' lang='lat' dir='ltr'><strong><em>troo.</em></strong></span> 
     </span>
     <span class='ocr_line' id='line_1_3' title="bbox 118 612 1213 708; baseline -0.003 -19"><span class='ocrx_word' id='word_1_13' title='bbox 118 618 271 705; x_wconf 84' lang='lat' dir='ltr'><strong><em>latenter</em></strong></span> <span class='ocrx_word' id='word_1_14' title='bbox 297 617 447 688; x_wconf 79' lang='lat' dir='ltr'><strong><em>insidias</em></strong></span> <span class='ocrx_word' id='word_1_15' title='bbox 471 620 687 708; x_wconf 80' lang='lat' dir='ltr'><strong><em>posuerant,</em></strong></span> <span class='ocrx_word' id='word_1_16' title='bbox 713 621 747 685; x_wconf 90' lang='lat' dir='ltr'><strong><em>et</em></strong></span> <span class='ocrx_word' id='word_1_17' title='bbox 773 620 917 686; x_wconf 88' lang='lat' dir='ltr'><strong><em>nostros</em></strong></span> <span class='ocrx_word' id='word_1_18' title='bbox 943 616 1075 686; x_wconf 89' lang='lat' dir='ltr'><strong><em>inscios</em></strong></span> <span class='ocrx_word' id='word_1_19' title='bbox 1102 621 1134 685; x_wconf 87' lang='lat' dir='ltr'><strong><em>et</em></strong></span> <span class='ocrx_word' id='word_1_20' title='bbox 1162 612 1213 686; x_wconf 86' lang='lat' dir='ltr'><strong><em>ad</em></strong></span> 
     </span>
     <span class='ocr_line' id='line_1_4' title="bbox 117 713 1211 811; baseline -0.002 -24"><span class='ocrx_word' id='word_1_21' title='bbox 117 740 278 811; x_wconf 81' lang='lat' dir='ltr'><strong><em>pupnarn</em></strong></span> <span class='ocrx_word' id='word_1_22' title='bbox 308 718 510 808; x_wconf 88' lang='lat' dir='ltr'><strong><em>imparatos</em></strong></span> <span class='ocrx_word' id='word_1_23' title='bbox 535 714 752 806; x_wconf 89' lang='lat' dir='ltr'><strong><em>caedebant,</em></strong></span> <span class='ocrx_word' id='word_1_24' title='bbox 781 715 990 806; x_wconf 77' lang='lat' dir='ltr'><strong><em>capiebant,</em></strong></span> <span class='ocrx_word' id='word_1_25' title='bbox 1021 713 1211 808; x_wconf 71' lang='lat' dir='ltr'><strong><em>stipabant.</em></strong></span> 
     </span>
     <span class='ocr_line' id='line_1_5' title="bbox 121 814 1210 910; baseline -0.002 -24"><span class='ocrx_word' id='word_1_26' title='bbox 121 818 220 904; x_wconf 83' lang='lat' dir='ltr'><strong><em>Quae</em></strong></span> <span class='ocrx_word' id='word_1_27' title='bbox 238 823 272 886; x_wconf 90' lang='lat' dir='ltr'><strong><em>et</em></strong></span> <span class='ocrx_word' id='word_1_28' title='bbox 289 822 426 910; x_wconf 80' lang='lat' dir='ltr'><strong><em>quanta</em></strong></span> <span class='ocrx_word' id='word_1_29' title='bbox 445 815 566 885; x_wconf 86' lang='lat' dir='ltr'><strong><em>clades</em></strong></span> <span class='ocrx_word' id='word_1_30' title='bbox 584 815 631 884; x_wconf 91' lang='lat' dir='ltr'><strong><em>ibi</em></strong></span> <span class='ocrx_word' id='word_1_31' title='bbox 650 815 831 906; x_wconf 86' lang='lat' dir='ltr'><strong><em>acciderit,</em></strong></span> <span class='ocrx_word' id='word_1_32' title='bbox 851 820 927 883; x_wconf 91' lang='lat' dir='ltr'><strong><em>tam</em></strong></span> <span class='ocrx_word' id='word_1_33' title='bbox 944 814 1054 906; x_wconf 91' lang='lat' dir='ltr'><strong><em>pudet</em></strong></span> <span class='ocrx_word' id='word_1_34' title='bbox 1065 816 1210 907; x_wconf 76' lang='lat' dir='ltr'><strong><em>referre,</em></strong></span> 
     </span>
     <span class='ocr_line' id='line_1_6' title="bbox 118 913 1214 1011; baseline -0.003 -24"><span class='ocrx_word' id='word_1_35' title='bbox 118 940 226 1011; x_wconf 72' lang='lat' dir='ltr'><strong><em>qutun</em></strong></span> <span class='ocrx_word' id='word_1_36' title='bbox 252 915 398 986; x_wconf 89' lang='lat' dir='ltr'><strong><em>inultum</em></strong></span> <span class='ocrx_word' id='word_1_37' title='bbox 426 915 608 985; x_wconf 77' lang='lat' dir='ltr'><strong><em>dimittere.</em></strong></span> <span class='ocrx_word' id='word_1_38' title='bbox 644 913 756 1006; x_wconf 82' lang='lat' dir='ltr'><strong><em>Ipitur</em></strong></span> <span class='ocrx_word' id='word_1_39' title='bbox 774 915 987 984; x_wconf 89' lang='lat' dir='ltr'><strong><em>constrictus</em></strong></span> <span class='ocrx_word' id='word_1_40' title='bbox 1011 920 1044 984; x_wconf 91' lang='lat' dir='ltr'><strong><em>et</em></strong></span> <span class='ocrx_word' id='word_1_41' title='bbox 1070 919 1214 984; x_wconf 89' lang='lat' dir='ltr'><strong><em>euentus</em></strong></span> 
     </span>
     <span class='ocr_line' id='line_1_7' title="bbox 120 1013 1212 1108; baseline -0.003 -22"><span class='ocrx_word' id='word_1_42' title='bbox 120 1017 314 1108; x_wconf 76' lang='lat' dir='ltr'><strong><em>asperitate</em></strong></span> <span class='ocrx_word' id='word_1_43' title='bbox 333 1021 367 1084; x_wconf 89' lang='lat' dir='ltr'><strong><em>et</em></strong></span> <span class='ocrx_word' id='word_1_44' title='bbox 382 1016 552 1106; x_wconf 88' lang='lat' dir='ltr'><strong><em>temporis</em></strong></span> <span class='ocrx_word' id='word_1_45' title='bbox 570 1013 734 1104; x_wconf 85' lang='lat' dir='ltr'><strong><em>articulo,</em></strong></span> <span class='ocrx_word' id='word_1_46' title='bbox 755 1013 939 1084; x_wconf 89' lang='lat' dir='ltr'><strong><em>Coloniam</em></strong></span> <span class='ocrx_word' id='word_1_47' title='bbox 955 1013 1080 1084; x_wconf 84' lang='lat' dir='ltr'><strong><em>diverti</em></strong></span> <span class='ocrx_word' id='word_1_48' title='bbox 1087 1040 1101 1103; x_wconf 88' lang='lat'><strong><em>,·</em></strong></span> <span class='ocrx_word' id='word_1_49' title='bbox 1121 1034 1212 1106; x_wconf 85' lang='lat' dir='ltr'><strong><em>quae</em></strong></span> 
     </span>
     <span class='ocr_line' id='line_1_8' title="bbox 119 1113 1213 1206; baseline -0.002 -20"><span class='ocrx_word' id='word_1_50' title='bbox 119 1140 198 1186; x_wconf 91' lang='lat' dir='ltr'><strong><em>cum</em></strong></span> <span class='ocrx_word' id='word_1_51' title='bbox 218 1139 272 1186; x_wconf 90' lang='lat' dir='ltr'><strong><em>me</em></strong></span> <span class='ocrx_word' id='word_1_52' title='bbox 298 1116 452 1206; x_wconf 90' lang='lat' dir='ltr'><strong><em>recipere</em></strong></span> <span class='ocrx_word' id='word_1_53' title='bbox 476 1115 567 1184; x_wconf 88' lang='lat' dir='ltr'><strong><em>satis</em></strong></span> <span class='ocrx_word' id='word_1_54' title='bbox 591 1113 740 1204; x_wconf 82' lang='lat' dir='ltr'><strong><em>superbe</em></strong></span> <span class='ocrx_word' id='word_1_55' title='bbox 759 1114 944 1206; x_wconf 76' lang='lat' dir='ltr'><strong><em>refutaret,</em></strong></span> <span class='ocrx_word' id='word_1_56' title='bbox 970 1113 1069 1206; x_wconf 89' lang='lat' dir='ltr'><strong><em>apud</em></strong></span> <span class='ocrx_word' id='word_1_57' title='bbox 1091 1113 1213 1184; x_wconf 87' lang='lat' dir='ltr'><strong><em>villam</em></strong></span> 
     </span>
     <span class='ocr_line' id='line_1_9' title="bbox 119 1211 1214 1307; baseline -0.003 -21"><span class='ocrx_word' id='word_1_58' title='bbox 119 1216 288 1286; x_wconf 90' lang='lat' dir='ltr'><strong><em>Bunnam</em></strong></span> <span class='ocrx_word' id='word_1_59' title='bbox 307 1219 472 1285; x_wconf 90' lang='lat' dir='ltr'><strong><em>sanctum</em></strong></span> <span class='ocrx_word' id='word_1_60' title='bbox 492 1213 584 1282; x_wconf 91' lang='lat' dir='ltr'><strong><em>diem</em></strong></span> <span class='ocrx_word' id='word_1_61' title='bbox 600 1211 760 1304; x_wconf 81' lang='lat' dir='ltr'><strong><em>paschae</em></strong></span> <span class='ocrx_word' id='word_1_62' title='bbox 777 1218 963 1307; x_wconf 82' lang='lat' dir='ltr'><strong><em>utcumque</em></strong></span> <span class='ocrx_word' id='word_1_63' title='bbox 981 1214 1112 1305; x_wconf 83' lang='lat' dir='ltr'><strong><em>perepi.</em></strong></span> <span class='ocrx_word' id='word_1_64' title='bbox 1150 1213 1214 1283; x_wconf 86' lang='lat' dir='ltr'><strong><em>Cui</em></strong></span> 
     </span>
     <span class='ocr_line' id='line_1_10' title="bbox 119 1311 1214 1408; baseline -0.001 -25"><span class='ocrx_word' id='word_1_65' title='bbox 119 1338 290 1408; x_wconf 82' lang='lat' dir='ltr'><strong><em>umquam</em></strong></span> <span class='ocrx_word' id='word_1_66' title='bbox 316 1315 436 1406; x_wconf 82' lang='lat' dir='ltr'><strong><em>repiae</em></strong></span> <span class='ocrx_word' id='word_1_67' title='bbox 457 1335 635 1404; x_wconf 88' lang='lat' dir='ltr'><strong><em>personae</em></strong></span> <span class='ocrx_word' id='word_1_68' title='bbox 660 1317 764 1381; x_wconf 89' lang='lat' dir='ltr'><strong><em>tanta</em></strong></span> <span class='ocrx_word' id='word_1_69' title='bbox 783 1312 996 1382; x_wconf 90' lang='lat' dir='ltr'><strong><em>contumelia</em></strong></span> <span class='ocrx_word' id='word_1_70' title='bbox 1013 1313 1116 1396; x_wconf 77' lang='lat' dir='ltr'><strong><em>fricta</em></strong></span> <span class='ocrx_word' id='word_1_71' title='bbox 1136 1311 1214 1382; x_wconf 73' lang='lat' dir='ltr'><strong><em>est?</em></strong></span> 
     </span>
     <span class='ocr_line' id='line_1_11' title="bbox 120 1411 1212 1504; baseline -0.002 -20"><span class='ocrx_word' id='word_1_72' title='bbox 120 1414 193 1484; x_wconf 83' lang='lat' dir='ltr'><strong><em>Nec</em></strong></span> <span class='ocrx_word' id='word_1_73' title='bbox 210 1412 325 1484; x_wconf 87' lang='lat' dir='ltr'><strong><em>solum</em></strong></span> <span class='ocrx_word' id='word_1_74' title='bbox 341 1437 396 1484; x_wconf 91' lang='lat' dir='ltr'><strong><em>me</em></strong></span> <span class='ocrx_word' id='word_1_75' title='bbox 407 1414 494 1504; x_wconf 89' lang='lat' dir='ltr'><strong><em>petit</em></strong></span> <span class='ocrx_word' id='word_1_76' title='bbox 506 1411 595 1481; x_wconf 87' lang='lat' dir='ltr'><strong><em>baec</em></strong></span> <span class='ocrx_word' id='word_1_77' title='bbox 609 1411 845 1481; x_wconf 87' lang='lat' dir='ltr'><strong><em>contumelia:</em></strong></span> <span class='ocrx_word' id='word_1_78' title='bbox 864 1434 927 1482; x_wconf 87' lang='lat' dir='ltr'><strong><em>vos</em></strong></span> <span class='ocrx_word' id='word_1_79' title='bbox 943 1411 1096 1503; x_wconf 83' lang='lat' dir='ltr'><strong><em>despecti</em></strong></span> <span class='ocrx_word' id='word_1_80' title='bbox 1108 1413 1190 1482; x_wconf 89' lang='lat' dir='ltr'><strong><em>estis</em></strong></span> <span class='ocrx_word' id='word_1_81' title='bbox 1197 1437 1212 1502; x_wconf 73' lang='lat'>5</span> 
     </span>
     <span class='ocr_line' id='line_1_12' title="bbox 119 1510 1213 1606; baseline -0.003 -23"><span class='ocrx_word' id='word_1_82' title='bbox 119 1517 177 1584; x_wconf 89' lang='lat' dir='ltr'><strong><em>isti</em></strong></span> <span class='ocrx_word' id='word_1_83' title='bbox 199 1519 491 1606; x_wconf 87' lang='lat' dir='ltr'><strong><em>praesumptores</em></strong></span> <span class='ocrx_word' id='word_1_84' title='bbox 508 1511 652 1581; x_wconf 89' lang='lat' dir='ltr'><strong><em>decreta</em></strong></span> <span class='ocrx_word' id='word_1_85' title='bbox 674 1517 794 1581; x_wconf 89' lang='lat' dir='ltr'><strong><em>vestra</em></strong></span> <span class='ocrx_word' id='word_1_86' title='bbox 814 1513 1063 1582; x_wconf 87' lang='lat' dir='ltr'><strong><em>auctoritatem</em></strong></span> <span class='ocrx_word' id='word_1_87' title='bbox 1081 1510 1213 1581; x_wconf 84' lang='lat' dir='ltr'><strong><em>babere</em></strong></span> 
     </span>
     <span class='ocr_line' id='line_1_13' title="bbox 121 1610 1214 1706; baseline -0.001 -23"><span class='ocrx_word' id='word_1_88' title='bbox 121 1613 255 1705; x_wconf 84' lang='lat' dir='ltr'><strong><em>nolunt,</em></strong></span> <span class='ocrx_word' id='word_1_89' title='bbox 280 1636 347 1683; x_wconf 88' lang='lat' dir='ltr'><strong><em>sua</em></strong></span> <span class='ocrx_word' id='word_1_90' title='bbox 367 1617 504 1682; x_wconf 89' lang='lat' dir='ltr'><strong><em>tantum</em></strong></span> <span class='ocrx_word' id='word_1_91' title='bbox 523 1616 661 1681; x_wconf 89' lang='lat' dir='ltr'><strong><em>statuta</em></strong></span> <span class='ocrx_word' id='word_1_92' title='bbox 678 1615 784 1696; x_wconf 80' lang='lat' dir='ltr'><strong><em>firnra</em></strong></span> <span class='ocrx_word' id='word_1_93' title='bbox 804 1610 1039 1700; x_wconf 70' lang='lat' dir='ltr'><strong><em>assenciunt:</em></strong></span> <span class='ocrx_word' id='word_1_94' title='bbox 1067 1610 1214 1706; x_wconf 82' lang='lat' dir='ltr'><strong><em>denique</em></strong></span> 
     </span>
     <span class='ocr_line' id='line_1_14' title="bbox 119 1709 1213 1806; baseline -0.001 -24"><span class='ocrx_word' id='word_1_95' title='bbox 119 1716 156 1782; x_wconf 91' lang='lat' dir='ltr'><strong><em>in</em></strong></span> <span class='ocrx_word' id='word_1_96' title='bbox 176 1736 264 1806; x_wconf 79' lang='lat' dir='ltr'><strong><em>quos</em></strong></span> <span class='ocrx_word' id='word_1_97' title='bbox 282 1717 395 1782; x_wconf 82' lang='lat' dir='ltr'><strong><em>lotum</em></strong></span> <span class='ocrx_word' id='word_1_98' title='bbox 413 1713 514 1804; x_wconf 84' lang='lat' dir='ltr'><strong><em>repni</em></strong></span> <span class='ocrx_word' id='word_1_99' title='bbox 528 1709 671 1802; x_wconf 90' lang='lat' dir='ltr'><strong><em>pondus</em></strong></span> <span class='ocrx_word' id='word_1_100' title='bbox 688 1734 726 1781; x_wconf 91' lang='lat' dir='ltr'><strong><em>se</em></strong></span> <span class='ocrx_word' id='word_1_101' title='bbox 745 1709 897 1803; x_wconf 89' lang='lat' dir='ltr'><strong><em>reclinet,</em></strong></span> <span class='ocrx_word' id='word_1_102' title='bbox 916 1710 1043 1781; x_wconf 85' lang='lat' dir='ltr'><strong><em>baberi</em></strong></span> <span class='ocrx_word' id='word_1_103' title='bbox 1059 1712 1213 1803; x_wconf 89' lang='lat' dir='ltr'><strong><em>cupiunt.</em></strong></span> 
     </span>
     <span class='ocr_line' id='line_1_15' title="bbox 121 1809 1216 1905; baseline -0.002 -23"><span class='ocrx_word' id='word_1_104' title='bbox 121 1812 250 1904; x_wconf 80' lang='lat' dir='ltr'><strong><em>Repem</em></strong></span> <span class='ocrx_word' id='word_1_105' title='bbox 278 1834 378 1905; x_wconf 83' lang='lat' dir='ltr'><strong><em>quem</em></strong></span> <span class='ocrx_word' id='word_1_106' title='bbox 404 1812 653 1902; x_wconf 84' lang='lat' dir='ltr'><strong><em>constituistis,</em></strong></span> <span class='ocrx_word' id='word_1_107' title='bbox 684 1810 871 1881; x_wconf 85' lang='lat' dir='ltr'><strong><em>destituere</em></strong></span> <span class='ocrx_word' id='word_1_108' title='bbox 886 1816 1041 1902; x_wconf 83' lang='lat' dir='ltr'><strong><em>parant,</em></strong></span> <span class='ocrx_word' id='word_1_109' title='bbox 1066 1817 1107 1880; x_wconf 88' lang='lat' dir='ltr'><strong><em>ut</em></strong></span> <span class='ocrx_word' id='word_1_110' title='bbox 1128 1809 1216 1880; x_wconf 87' lang='lat' dir='ltr'><strong><em>nibil</em></strong></span> 
     </span>
     <span class='ocr_line' id='line_1_16' title="bbox 121 1909 1259 2004; baseline -0.001 -23"><span class='ocrx_word' id='word_1_111' title='bbox 121 1936 243 1982; x_wconf 88' lang='lat' dir='ltr'><strong><em>eorum</em></strong></span> <span class='ocrx_word' id='word_1_112' title='bbox 263 1935 354 2004; x_wconf 88' lang='lat' dir='ltr'><strong><em>quae</em></strong></span> <span class='ocrx_word' id='word_1_113' title='bbox 373 1933 436 1981; x_wconf 87' lang='lat' dir='ltr'><strong><em>vos</em></strong></span> <span class='ocrx_word' id='word_1_114' title='bbox 455 1909 652 2001; x_wconf 84' lang='lat' dir='ltr'><strong><em>decernitis,</em></strong></span> <span class='ocrx_word' id='word_1_115' title='bbox 679 1915 799 1980; x_wconf 89' lang='lat' dir='ltr'><strong><em>ratum</em></strong></span> <span class='ocrx_word' id='word_1_116' title='bbox 821 1913 875 1980; x_wconf 88' lang='lat' dir='ltr'><strong><em>sit.</em></strong></span> <span class='ocrx_word' id='word_1_117' title='bbox 910 1910 1024 2002; x_wconf 84' lang='lat' dir='ltr'><strong><em>Ipitur</em></strong></span> <span class='ocrx_word' id='word_1_118' title='bbox 1047 1909 1136 1980; x_wconf 82' lang='lat' dir='ltr'><strong><em>baec</em></strong></span> <span class='ocrx_word' id='word_1_119' title='bbox 1161 1911 1213 1980; x_wconf 88' lang='lat' dir='ltr'><strong><em>in·</em></strong></span> <span class='ocrx_word' id='word_1_120' title='bbox 1258 1931 1259 1934; x_wconf 72' lang='grc'>’</span> 
     </span>
     <span class='ocr_line' id='line_1_17' title="bbox 121 2011 1214 2103; baseline -0.002 -22"><span class='ocrx_word' id='word_1_121' title='bbox 121 2012 214 2081; x_wconf 84' lang='lat' dir='ltr'><strong><em>iuria</em></strong></span> <span class='ocrx_word' id='word_1_122' title='bbox 243 2034 342 2103; x_wconf 89' lang='lat' dir='ltr'><strong><em>mea,</em></strong></span> <span class='ocrx_word' id='word_1_123' title='bbox 369 2011 470 2103; x_wconf 77' lang='lat' dir='ltr'><strong><em>repni</em></strong></span> <span class='ocrx_word' id='word_1_124' title='bbox 494 2011 613 2101; x_wconf 89' lang='lat' dir='ltr'><strong><em>potius</em></strong></span> <span class='ocrx_word' id='word_1_125' title='bbox 640 2014 710 2101; x_wconf 87' lang='lat' dir='ltr'><strong><em>est,</em></strong></span> <span class='ocrx_word' id='word_1_126' title='bbox 739 2031 846 2103; x_wconf 85' lang='lat' dir='ltr'><strong><em>quarn</em></strong></span> <span class='ocrx_word' id='word_1_127' title='bbox 874 2033 978 2097; x_wconf 85' lang='lat' dir='ltr'><strong><em>mea,·</em></strong></span> <span class='ocrx_word' id='word_1_128' title='bbox 1005 2032 1091 2080; x_wconf 89' lang='lat' dir='ltr'><strong><em>nam</em></strong></span> <span class='ocrx_word' id='word_1_129' title='bbox 1109 2011 1214 2080; x_wconf 89' lang='lat' dir='ltr'><strong><em>unius</em></strong></span> 
     </span>
     <span class='ocr_line' id='line_1_18' title="bbox 121 2108 1214 2202; baseline -0.004 -20"><span class='ocrx_word' id='word_1_130' title='bbox 121 2112 248 2202; x_wconf 87' lang='lat' dir='ltr'><strong><em>capitis</em></strong></span> <span class='ocrx_word' id='word_1_131' title='bbox 266 2110 346 2180; x_wconf 89' lang='lat' dir='ltr'><strong><em>licet</em></strong></span> <span class='ocrx_word' id='word_1_132' title='bbox 361 2111 491 2180; x_wconf 89' lang='lat' dir='ltr'><strong><em>summi</em></strong></span> <span class='ocrx_word' id='word_1_133' title='bbox 510 2108 667 2201; x_wconf 88' lang='lat' dir='ltr'><strong><em>deiectio,</em></strong></span> <span class='ocrx_word' id='word_1_134' title='bbox 687 2108 890 2201; x_wconf 86' lang='lat' dir='ltr'><strong><em>reparabile</em></strong></span> <span class='ocrx_word' id='word_1_135' title='bbox 904 2111 1005 2201; x_wconf 77' lang='lat' dir='ltr'><strong><em>repni</em></strong></span> <span class='ocrx_word' id='word_1_136' title='bbox 1017 2108 1214 2201; x_wconf 90' lang='lat' dir='ltr'><strong><em>dampnum</em></strong></span> 
     </span>
     <span class='ocr_line' id='line_1_19' title="bbox 121 2207 1214 2302; baseline -0.002 -22"><span class='ocrx_word' id='word_1_137' title='bbox 121 2217 194 2298; x_wconf 87' lang='lat' dir='ltr'><strong><em>est,·</em></strong></span> <span class='ocrx_word' id='word_1_138' title='bbox 212 2211 411 2302; x_wconf 87' lang='lat' dir='ltr'><strong><em>principum</em></strong></span> <span class='ocrx_word' id='word_1_139' title='bbox 431 2214 549 2279; x_wconf 80' lang='lat' dir='ltr'><strong><em>cratem</em></strong></span> <span class='ocrx_word' id='word_1_140' title='bbox 568 2207 802 2300; x_wconf 87' lang='lat' dir='ltr'><strong><em>conculcatio,</em></strong></span> <span class='ocrx_word' id='word_1_141' title='bbox 821 2210 927 2278; x_wconf 89' lang='lat' dir='ltr'><strong><em>ruina</em></strong></span> <span class='ocrx_word' id='word_1_142' title='bbox 946 2210 1047 2301; x_wconf 79' lang='lat' dir='ltr'><strong><em>repni</em></strong></span> <span class='ocrx_word' id='word_1_143' title='bbox 1063 2214 1124 2279; x_wconf 85' lang='lat' dir='ltr'><strong><em>est.</em></strong></span> <span class='ocrx_word' id='word_1_144' title='bbox 1161 2207 1214 2278; x_wconf 81' lang='lat' dir='ltr'><strong><em>An</em></strong></span> 
     </span>
     <span class='ocr_line' id='line_1_20' title="bbox 121 2307 1214 2400; baseline -0.001 -21"><span class='ocrx_word' id='word_1_145' title='bbox 121 2310 208 2380; x_wconf 89' lang='lat' dir='ltr'><strong><em>baec</em></strong></span> <span class='ocrx_word' id='word_1_146' title='bbox 234 2311 363 2400; x_wconf 87' lang='lat' dir='ltr'><strong><em>inpune</em></strong></span> <span class='ocrx_word' id='word_1_147' title='bbox 385 2311 557 2400; x_wconf 78' lang='lat' dir='ltr'><strong><em>feremus,</em></strong></span> <span class='ocrx_word' id='word_1_148' title='bbox 584 2313 616 2378; x_wconf 89' lang='lat' dir='ltr'><strong><em>et</em></strong></span> <span class='ocrx_word' id='word_1_149' title='bbox 640 2331 684 2378; x_wconf 84' lang='lat' dir='ltr'><strong><em>ec</em></strong></span> <span class='ocrx_word' id='word_1_150' title='bbox 710 2307 855 2400; x_wconf 80' lang='lat' dir='ltr'><strong><em>ipnobili</em></strong></span> <span class='ocrx_word' id='word_1_151' title='bbox 878 2310 1059 2399; x_wconf 86' lang='lat' dir='ltr'><strong><em>pacientia</em></strong></span> <span class='ocrx_word' id='word_1_152' title='bbox 1085 2315 1214 2379; x_wconf 89' lang='lat' dir='ltr'><strong><em>nostra</em></strong></span> 
     </span>
     <span class='ocr_line' id='line_1_21' title="bbox 121 2405 1216 2502; baseline -0.002 -23"><span class='ocrx_word' id='word_1_153' title='bbox 121 2411 239 2502; x_wconf 77' lang='lat' dir='ltr'><strong><em>inopis</em></strong></span> <span class='ocrx_word' id='word_1_154' title='bbox 262 2408 408 2478; x_wconf 86' lang='lat' dir='ltr'><strong><em>tumebit</em></strong></span> <span class='ocrx_word' id='word_1_155' title='bbox 430 2430 552 2478; x_wconf 90' lang='lat' dir='ltr'><strong><em>eorum</em></strong></span> <span class='ocrx_word' id='word_1_156' title='bbox 571 2407 764 2499; x_wconf 79' lang='lat' dir='ltr'><strong><em>superbia?</em></strong></span> <span class='ocrx_word' id='word_1_157' title='bbox 798 2405 905 2500; x_wconf 80' lang='lat' dir='ltr'><strong><em>Absit,</em></strong></span> <span class='ocrx_word' id='word_1_158' title='bbox 932 2414 970 2478; x_wconf 89' lang='lat' dir='ltr'><strong><em>ut</em></strong></span> <span class='ocrx_word' id='word_1_159' title='bbox 987 2409 1046 2501; x_wconf 83' lang='lat' dir='ltr'><strong><em>qui</em></strong></span> <span class='ocrx_word' id='word_1_160' title='bbox 1064 2407 1216 2478; x_wconf 88' lang='lat' dir='ltr'><strong><em>dicimur</em></strong></span> 
     </span>
     <span class='ocr_line' id='line_1_22' title="bbox 120 2506 1214 2598; baseline -0.001 -19"><span class='ocrx_word' id='word_1_161' title='bbox 120 2509 337 2598; x_wconf 81' lang='lat' dir='ltr'><strong><em>inhonorati,</em></strong></span> <span class='ocrx_word' id='word_1_162' title='bbox 363 2507 529 2578; x_wconf 90' lang='lat' dir='ltr'><strong><em>dicamur</em></strong></span> <span class='ocrx_word' id='word_1_163' title='bbox 555 2513 590 2577; x_wconf 90' lang='lat' dir='ltr'><strong><em>et</em></strong></span> <span class='ocrx_word' id='word_1_164' title='bbox 613 2506 723 2577; x_wconf 91' lang='lat' dir='ltr'><strong><em>inulti.</em></strong></span> <span class='ocrx_word' id='word_1_165' title='bbox 759 2506 883 2578; x_wconf 88' lang='lat' dir='ltr'><strong><em>Pauca</em></strong></span> <span class='ocrx_word' id='word_1_166' title='bbox 909 2507 1038 2578; x_wconf 73' lang='lat' dir='ltr'><strong><em>dixisse</em></strong></span> <span class='ocrx_word' id='word_1_167' title='bbox 1056 2513 1119 2578; x_wconf 88' lang='lat' dir='ltr'><strong><em>sat</em></strong></span> <span class='ocrx_word' id='word_1_168' title='bbox 1141 2514 1214 2598; x_wconf 80' lang='lat' dir='ltr'><strong><em>est,-</em></strong></span> 
     </span>
     <span class='ocr_line' id='line_1_23' title="bbox 122 2606 1215 2700; baseline -0.001 -21"><span class='ocrx_word' id='word_1_169' title='bbox 122 2607 260 2679; x_wconf 88' lang='lat' dir='ltr'><strong><em>desides</em></strong></span> <span class='ocrx_word' id='word_1_170' title='bbox 287 2607 398 2677; x_wconf 90' lang='lat' dir='ltr'><strong><em>animi</em></strong></span> <span class='ocrx_word' id='word_1_171' title='bbox 419 2606 584 2700; x_wconf 78' lang='lat' dir='ltr'><strong><em>prolicere</em></strong></span> <span class='ocrx_word' id='word_1_172' title='bbox 607 2606 866 2677; x_wconf 80' lang='lat' dir='ltr'><strong><em>cohortationis</em></strong></span> <span class='ocrx_word' id='word_1_173' title='bbox 882 2606 1024 2677; x_wconf 86' lang='lat' dir='ltr'><strong><em>stimulo</em></strong></span> <span class='ocrx_word' id='word_1_174' title='bbox 1043 2629 1134 2699; x_wconf 88' lang='lat' dir='ltr'><strong><em>opus</em></strong></span> <span class='ocrx_word' id='word_1_175' title='bbox 1151 2607 1215 2678; x_wconf 84' lang='lat' dir='ltr'><strong><em>ba·</em></strong></span> 
     </span>
     <span class='ocr_line' id='line_1_24' title="bbox 121 2706 1213 2800; baseline -0.002 -21"><span class='ocrx_word' id='word_1_176' title='bbox 121 2708 210 2779; x_wconf 88' lang='lat' dir='ltr'><strong><em>beat.</em></strong></span> <span class='ocrx_word' id='word_1_177' title='bbox 248 2707 371 2778; x_wconf 87' lang='lat' dir='ltr'><strong><em>Causa</em></strong></span> <span class='ocrx_word' id='word_1_178' title='bbox 388 2708 506 2800; x_wconf 80' lang='lat' dir='ltr'><strong><em>mapis</em></strong></span> <span class='ocrx_word' id='word_1_179' title='bbox 525 2706 575 2776; x_wconf 94' lang='lat' dir='ltr'><strong><em>ad</em></strong></span> <span class='ocrx_word' id='word_1_180' title='bbox 598 2707 864 2776; x_wconf 88' lang='lat' dir='ltr'><strong><em>incitamentum</em></strong></span> <span class='ocrx_word' id='word_1_181' title='bbox 891 2708 938 2777; x_wconf 86' lang='lat' dir='ltr'><strong><em>sit</em></strong></span> <span class='ocrx_word' id='word_1_182' title='bbox 959 2729 1068 2800; x_wconf 84' lang='lat' dir='ltr'><strong><em>quam</em></strong></span> <span class='ocrx_word' id='word_1_183' title='bbox 1093 2707 1213 2778; x_wconf 87' lang='lat' dir='ltr'><strong><em>verba.</em></strong></span> 
     </span>
     <span class='ocr_line' id='line_1_25' title="bbox 123 2804 1214 2899; baseline 0.001 -23"><span class='ocrx_word' id='word_1_184' title='bbox 123 2807 213 2895; x_wconf 76' lang='lat' dir='ltr'><strong><em>(luia</em></strong></span> <span class='ocrx_word' id='word_1_185' title='bbox 243 2808 352 2899; x_wconf 83' lang='lat' dir='ltr'><strong><em>ipitur</em></strong></span> <span class='ocrx_word' id='word_1_186' title='bbox 378 2811 506 2877; x_wconf 89' lang='lat' dir='ltr'><strong><em>contra</em></strong></span> <span class='ocrx_word' id='word_1_187' title='bbox 530 2811 605 2876; x_wconf 92' lang='lat' dir='ltr'><strong><em>tam</em></strong></span> <span class='ocrx_word' id='word_1_188' title='bbox 630 2805 804 2897; x_wconf 89' lang='lat' dir='ltr'><strong><em>superbos</em></strong></span> <span class='ocrx_word' id='word_1_189' title='bbox 829 2804 948 2876; x_wconf 89' lang='lat' dir='ltr'><strong><em>bostes</em></strong></span> <span class='ocrx_word' id='word_1_190' title='bbox 974 2808 1025 2876; x_wconf 88' lang='lat' dir='ltr'><strong><em>rei</em></strong></span> <span class='ocrx_word' id='word_1_191' title='bbox 1049 2806 1214 2898; x_wconf 90' lang='lat' dir='ltr'><strong><em>publicae</em></strong></span> 
     </span>
     <span class='ocr_line' id='line_1_26' title="bbox 120 2904 1214 2999; baseline 0 -22"><span class='ocrx_word' id='word_1_192' title='bbox 120 2906 254 2977; x_wconf 85' lang='lat' dir='ltr'><strong><em>uiribus</em></strong></span> <span class='ocrx_word' id='word_1_193' title='bbox 281 2904 447 2977; x_wconf 89' lang='lat' dir='ltr'><strong><em>utendum</em></strong></span> <span class='ocrx_word' id='word_1_194' title='bbox 474 2911 545 2997; x_wconf 88' lang='lat' dir='ltr'><strong><em>est,</em></strong></span> <span class='ocrx_word' id='word_1_195' title='bbox 577 2905 831 2997; x_wconf 71' lang='lat' dir='ltr'><strong><em>expeditionem</em></strong></span> <span class='ocrx_word' id='word_1_196' title='bbox 858 2905 957 2976; x_wconf 87' lang='lat' dir='ltr'><strong><em>vobis</em></strong></span> <span class='ocrx_word' id='word_1_197' title='bbox 986 2912 1019 2975; x_wconf 90' lang='lat' dir='ltr'><strong><em>et</em></strong></span> <span class='ocrx_word' id='word_1_198' title='bbox 1048 2906 1214 2999; x_wconf 82' lang='lat' dir='ltr'><strong><em>ropando</em></strong></span> 
     </span>
     <span class='ocr_line' id='line_1_27' title="bbox 118 3004 1216 3099; baseline -0.001 -22"><span class='ocrx_word' id='word_1_199' title='bbox 118 3006 360 3099; x_wconf 89' lang='lat' dir='ltr'><strong><em>praecipimus</em></strong></span> <span class='ocrx_word' id='word_1_200' title='bbox 379 3012 412 3075; x_wconf 90' lang='lat' dir='ltr'><strong><em>et</em></strong></span> <span class='ocrx_word' id='word_1_201' title='bbox 427 3004 680 3098; x_wconf 91' lang='lat' dir='ltr'><strong><em>praecipiendo</em></strong></span> <span class='ocrx_word' id='word_1_202' title='bbox 700 3028 886 3097; x_wconf 82' lang='lat' dir='ltr'><strong><em>ropamus,</em></strong></span> <span class='ocrx_word' id='word_1_203' title='bbox 906 3006 1006 3076; x_wconf 91' lang='lat' dir='ltr'><strong><em>cuius</em></strong></span> <span class='ocrx_word' id='word_1_204' title='bbox 1019 3005 1216 3078; x_wconf 82' lang='lat' dir='ltr'><strong><em>collectioni</em></strong></span> 
     </span>
     <span class='ocr_line' id='line_1_28' title="bbox 121 3098 1215 3199; baseline 0.001 -24"><span class='ocrx_word' id='word_1_205' title='bbox 121 3112 153 3176; x_wconf 91' lang='lat' dir='ltr'><strong><em>et</em></strong></span> <span class='ocrx_word' id='word_1_206' title='bbox 171 3111 309 3196; x_wconf 87' lang='lat' dir='ltr'><strong><em>tempus</em></strong></span> <span class='ocrx_word' id='word_1_207' title='bbox 326 3098 511 3176; x_wconf 80' lang='lat' dir='ltr'><strong><em>Kalindas</em></strong></span> <span class='ocrx_word' id='word_1_208' title='bbox 527 3104 607 3175; x_wconf 85' lang='lat' dir='ltr'><strong><em>Iulii</em></strong></span> <span class='ocrx_word' id='word_1_209' title='bbox 624 3111 659 3174; x_wconf 93' lang='lat' dir='ltr'><strong><em>et</em></strong></span> <span class='ocrx_word' id='word_1_210' title='bbox 682 3103 800 3176; x_wconf 89' lang='lat' dir='ltr'><strong><em>locum</em></strong></span> <span class='ocrx_word' id='word_1_211' title='bbox 824 3104 1137 3199; x_wconf 82' lang='lat' dir='ltr'><strong><em>Wirziburpensern</em></strong></span> <span class='ocrx_word' id='word_1_212' title='bbox 1156 3129 1215 3176; x_wconf 87' lang='lat' dir='ltr'><strong><em>ur-</em></strong></span> 
     </span>
     <span class='ocr_line' id='line_1_29' title="bbox 121 3202 1214 3301; baseline -0.002 -24"><span class='ocrx_word' id='word_1_213' title='bbox 121 3206 199 3277; x_wconf 87' lang='lat' dir='ltr'><strong><em>bem</em></strong></span> <span class='ocrx_word' id='word_1_214' title='bbox 217 3206 459 3297; x_wconf 72' lang='lat' dir='ltr'><strong><em>praefinimus.</em></strong></span> <span class='ocrx_word' id='word_1_215' title='bbox 487 3205 581 3286; x_wconf 88' lang='lat' dir='ltr'><strong><em>Cum</em></strong></span> <span class='ocrx_word' id='word_1_216' title='bbox 599 3203 711 3299; x_wconf 83' lang='lat' dir='ltr'><strong><em>igitur</em></strong></span> <span class='ocrx_word' id='word_1_217' title='bbox 729 3202 897 3276; x_wconf 85' lang='lat' dir='ltr'><strong><em>audisset</em></strong></span> <span class='ocrx_word' id='word_1_218' title='bbox 911 3202 1107 3277; x_wconf 87' lang='lat' dir='ltr'><strong><em>Heinricns</em></strong></span> <span class='ocrx_word' id='word_1_219' title='bbox 1128 3209 1214 3301; x_wconf 83' lang='lat' dir='ltr'><strong><em>dux,</em></strong></span> 
     </span>
     <span class='ocr_line' id='line_1_30' title="bbox 122 3302 1214 3401; baseline 0.002 -25"><span class='ocrx_word' id='word_1_220' title='bbox 122 3315 159 3376; x_wconf 87' lang='lat' dir='ltr'><strong><em>et</em></strong></span> <span class='ocrx_word' id='word_1_221' title='bbox 183 3303 427 3378; x_wconf 89' lang='lat' dir='ltr'><strong><em>Colonienses</em></strong></span> <span class='ocrx_word' id='word_1_222' title='bbox 454 3328 539 3375; x_wconf 87' lang='lat' dir='ltr'><strong><em>cum</em></strong></span> <span class='ocrx_word' id='word_1_223' title='bbox 566 3302 877 3399; x_wconf 82' lang='lat' dir='ltr'><strong><em>Leodioensibus,</em></strong></span> <span class='ocrx_word' id='word_1_224' title='bbox 903 3307 1000 3400; x_wconf 91' lang='lat' dir='ltr'><strong><em>quod</em></strong></span> <span class='ocrx_word' id='word_1_225' title='bbox 1028 3328 1144 3401; x_wconf 86' lang='lat' dir='ltr'><strong><em>super</em></strong></span> <span class='ocrx_word' id='word_1_226' title='bbox 1171 3320 1214 3378; x_wconf 89' lang='lat' dir='ltr'><strong><em>se</em></strong></span> 
     </span>
     <span class='ocr_line' id='line_1_31' title="bbox 121 3403 1212 3501; baseline 0.004 -27"><span class='ocrx_word' id='word_1_227' title='bbox 121 3428 187 3476; x_wconf 84' lang='lat' dir='ltr'><strong><em>rex</em></strong></span> <span class='ocrx_word' id='word_1_228' title='bbox 214 3403 419 3476; x_wconf 87' lang='lat' dir='ltr'><strong><em>exercitam</em></strong></span> <span class='ocrx_word' id='word_1_229' title='bbox 437 3405 575 3474; x_wconf 87' lang='lat' dir='ltr'><strong><em>ducere</em></strong></span> <span class='ocrx_word' id='word_1_230' title='bbox 593 3403 720 3498; x_wconf 83' lang='lat' dir='ltr'><strong><em>vellet,</em></strong></span> <span class='ocrx_word' id='word_1_231' title='bbox 741 3428 846 3475; x_wconf 89' lang='lat' dir='ltr'><strong><em>arma</em></strong></span> <span class='ocrx_word' id='word_1_232' title='bbox 863 3408 1057 3501; x_wconf 84' lang='lat' dir='ltr'><strong><em>parabant,</em></strong></span> <span class='ocrx_word' id='word_1_233' title='bbox 1086 3404 1212 3501; x_wconf 89' lang='lat' dir='ltr'><strong><em>copias</em></strong></span> 
     </span>
     <span class='ocr_line' id='line_1_32' title="bbox 122 3501 1214 3601; baseline 0.001 -26"><span class='ocrx_word' id='word_1_234' title='bbox 122 3503 358 3601; x_wconf 82' lang='lat' dir='ltr'><strong><em>colligebant,</em></strong></span> <span class='ocrx_word' id='word_1_235' title='bbox 377 3507 489 3575; x_wconf 89' lang='lat' dir='ltr'><strong><em>urbes</em></strong></span> <span class='ocrx_word' id='word_1_236' title='bbox 508 3501 720 3598; x_wconf 83' lang='lat' dir='ltr'><strong><em>firmabant,</em></strong></span> <span class='ocrx_word' id='word_1_237' title='bbox 743 3513 781 3575; x_wconf 89' lang='lat' dir='ltr'><strong><em>et</em></strong></span> <span class='ocrx_word' id='word_1_238' title='bbox 799 3505 843 3576; x_wconf 88' lang='lat' dir='ltr'><strong><em>ad</em></strong></span> <span class='ocrx_word' id='word_1_239' title='bbox 863 3503 1116 3576; x_wconf 88' lang='lat' dir='ltr'><strong><em>resistendum</em></strong></span> <span class='ocrx_word' id='word_1_240' title='bbox 1133 3504 1214 3601; x_wconf 89' lang='lat' dir='ltr'><strong><em>pari</em></strong></span> 
     </span>
     <span class='ocr_line' id='line_1_33' title="bbox 121 3600 1214 3720; baseline 0.004 -47"><span class='ocrx_word' id='word_1_241' title='bbox 121 3614 206 3675; x_wconf 84' lang='lat' dir='ltr'><strong><em>voto</em></strong></span> <span class='ocrx_word' id='word_1_242' title='bbox 227 3602 423 3700; x_wconf 88' lang='lat' dir='ltr'><strong><em>studioque</em></strong></span> <span class='ocrx_word' id='word_1_243' title='bbox 443 3626 485 3673; x_wconf 88' lang='lat' dir='ltr'><strong><em>se</em></strong></span> <span class='ocrx_word' id='word_1_244' title='bbox 505 3601 760 3698; x_wconf 82' lang='lat' dir='ltr'><strong><em>accingebant.</em></strong></span> <span class='ocrx_word' id='word_1_245' title='bbox 780 3600 870 3720; x_wconf 49' lang='lat' dir='ltr'><strong><em>{Sed</em></strong></span> <span class='ocrx_word' id='word_1_246' title='bbox 893 3613 931 3676; x_wconf 84' lang='lat' dir='ltr'><strong><em>et</em></strong></span> <span class='ocrx_word' id='word_1_247' title='bbox 947 3603 1214 3701; x_wconf 82' lang='lat' dir='ltr'><strong><em>imperatorem</em></strong></span> 
     </span>
     <span class='ocr_line' id='line_1_34' title="bbox 122 3701 1214 3800; baseline 0.002 -26"><span class='ocrx_word' id='word_1_248' title='bbox 122 3702 286 3776; x_wconf 89' lang='lat' dir='ltr'><strong><em>consiliis</em></strong></span> <span class='ocrx_word' id='word_1_249' title='bbox 307 3713 344 3774; x_wconf 89' lang='lat' dir='ltr'><strong><em>et</em></strong></span> <span class='ocrx_word' id='word_1_250' title='bbox 361 3701 535 3799; x_wconf 88' lang='lat' dir='ltr'><strong><em>precibus</em></strong></span> <span class='ocrx_word' id='word_1_251' title='bbox 555 3707 776 3798; x_wconf 81' lang='lat' dir='ltr'><strong><em>urguebant,</em></strong></span> <span class='ocrx_word' id='word_1_252' title='bbox 796 3713 837 3774; x_wconf 83' lang='lat' dir='ltr'><strong><em>ut</em></strong></span> <span class='ocrx_word' id='word_1_253' title='bbox 850 3703 1085 3800; x_wconf 87' lang='lat' dir='ltr'><strong><em>imperialem</em></strong></span> <span class='ocrx_word' id='word_1_254' title='bbox 1098 3704 1214 3800; x_wconf 84' lang='lat' dir='ltr'><strong><em>digni-</em></strong></span> 
     </span>
     <span class='ocr_line' id='line_1_35' title="bbox 120 3801 1213 3900; baseline 0.004 -26"><span class='ocrx_word' id='word_1_255' title='bbox 120 3813 250 3898; x_wconf 85' lang='lat' dir='ltr'><strong><em>tatem,</em></strong></span> <span class='ocrx_word' id='word_1_256' title='bbox 280 3826 393 3900; x_wconf 90' lang='lat' dir='ltr'><strong><em>quam</em></strong></span> <span class='ocrx_word' id='word_1_257' title='bbox 411 3826 486 3874; x_wconf 92' lang='lat' dir='ltr'><strong><em>non</em></strong></span> <span class='ocrx_word' id='word_1_258' title='bbox 504 3801 647 3874; x_wconf 89' lang='lat' dir='ltr'><strong><em>ratione</em></strong></span> <span class='ocrx_word' id='word_1_259' title='bbox 668 3803 873 3898; x_wconf 85' lang='lat' dir='ltr'><strong><em>convictus,</em></strong></span> <span class='ocrx_word' id='word_1_260' title='bbox 899 3806 966 3875; x_wconf 90' lang='lat' dir='ltr'><strong><em>sed</em></strong></span> <span class='ocrx_word' id='word_1_261' title='bbox 984 3803 1021 3873; x_wconf 90' lang='lat' dir='ltr'><strong><em>vi</em></strong></span> <span class='ocrx_word' id='word_1_262' title='bbox 1040 3805 1137 3875; x_wconf 85' lang='lat' dir='ltr'><strong><em>ferro</em></strong></span> <span class='ocrx_word' id='word_1_263' title='bbox 1167 3831 1213 3879; x_wconf 89' lang='lat' dir='ltr'><strong><em>ue</em></strong></span> 
     </span>
     <span class='ocr_line' id='line_1_36' title="bbox 121 3831 1213 4002; baseline 0.006 -29"><span class='ocrx_word' id='word_1_264' title='bbox 121 3913 282 3975; x_wconf 85' lang='lat' dir='ltr'><strong><em>mortem</em></strong></span> <span class='ocrx_word' id='word_1_265' title='bbox 295 3903 503 3974; x_wconf 83' lang='lat' dir='ltr'><strong><em>intentante</em></strong></span> <span class='ocrx_word' id='word_1_266' title='bbox 517 3912 669 3974; x_wconf 87' lang='lat' dir='ltr'><strong><em>coactus</em></strong></span> <span class='ocrx_word' id='word_1_267' title='bbox 685 3902 901 3998; x_wconf 82' lang='lat' dir='ltr'><strong><em>dimisisset,</em></strong></span> <span class='ocrx_word' id='word_1_268' title='bbox 920 3916 1132 3976; x_wconf 86' lang='lat' dir='ltr'><strong><em>resumeret</em></strong></span> <span class='ocrx_word' id='word_1_269' title='bbox 1141 3831 1213 4002; x_wconf 50' lang='lat' dir='ltr'><strong><em>{ise</em></strong></span> 
     </span>
     <span class='ocr_line' id='line_1_37' title="bbox 120 4002 1213 4098; baseline 0.004 -23"><span class='ocrx_word' id='word_1_270' title='bbox 120 4002 188 4075; x_wconf 88' lang='lat' dir='ltr'><strong><em>sibi</em></strong></span> <span class='ocrx_word' id='word_1_271' title='bbox 216 4027 287 4074; x_wconf 90' lang='lat' dir='ltr'><strong><em>nec</em></strong></span> <span class='ocrx_word' id='word_1_272' title='bbox 312 4002 426 4074; x_wconf 87' lang='lat' dir='ltr'><strong><em>armis</em></strong></span> <span class='ocrx_word' id='word_1_273' title='bbox 453 4003 582 4074; x_wconf 85' lang='lat' dir='ltr'><strong><em>defore</em></strong></span> <span class='ocrx_word' id='word_1_274' title='bbox 606 4026 678 4074; x_wconf 89' lang='lat' dir='ltr'><strong><em>nec</em></strong></span> <span class='ocrx_word' id='word_1_275' title='bbox 705 4002 861 4098; x_wconf 71' lang='lat' dir='ltr'><strong><em>animis,</em></strong></span> <span class='ocrx_word' id='word_1_276' title='bbox 889 4003 1026 4076; x_wconf 90' lang='lat' dir='ltr'><strong><em>multos</em></strong></span> <span class='ocrx_word' id='word_1_277' title='bbox 1052 4002 1213 4079; x_wconf 91' lang='lat' dir='ltr'><strong><em>illumin</em></strong></span> 
     </span>
     <span class='ocr_line' id='line_1_38' title="bbox 119 4102 1213 4199; baseline 0.004 -23"><span class='ocrx_word' id='word_1_278' title='bbox 119 4103 223 4176; x_wconf 87' lang='lat' dir='ltr'><strong><em>brevi</em></strong></span> <span class='ocrx_word' id='word_1_279' title='bbox 252 4103 416 4174; x_wconf 88' lang='lat' dir='ltr'><strong><em>fautores</em></strong></span> <span class='ocrx_word' id='word_1_280' title='bbox 440 4102 667 4198; x_wconf 82' lang='lat' dir='ltr'><strong><em>habiturum,</em></strong></span> <span class='ocrx_word' id='word_1_281' title='bbox 695 4102 781 4199; x_wconf 90' lang='lat' dir='ltr'><strong><em>quia</em></strong></span> <span class='ocrx_word' id='word_1_282' title='bbox 798 4103 904 4175; x_wconf 90' lang='lat' dir='ltr'><strong><em>multi</em></strong></span> <span class='ocrx_word' id='word_1_283' title='bbox 922 4105 1082 4175; x_wconf 85' lang='lat' dir='ltr'><strong><em>multum</em></strong></span> <span class='ocrx_word' id='word_1_284' title='bbox 1100 4107 1213 4180; x_wconf 85' lang='lat' dir='ltr'><strong><em>abho-</em></strong></span> 
     </span>
     <span class='ocr_line' id='line_1_39' title="bbox 119 4201 1104 4279; baseline 0.002 -4"><span class='ocrx_word' id='word_1_285' title='bbox 119 4202 352 4275; x_wconf 89' lang='lat' dir='ltr'><strong><em>minarentur</em></strong></span> <span class='ocrx_word' id='word_1_286' title='bbox 386 4212 464 4274; x_wconf 86' lang='lat' dir='ltr'><strong><em>tam</em></strong></span> <span class='ocrx_word' id='word_1_287' title='bbox 490 4201 682 4275; x_wconf 88' lang='lat' dir='ltr'><strong><em>insolitum</em></strong></span> <span class='ocrx_word' id='word_1_288' title='bbox 714 4201 858 4276; x_wconf 86' lang='lat' dir='ltr'><strong><em>facinus</em></strong></span> <span class='ocrx_word' id='word_1_289' title='bbox 889 4213 925 4276; x_wconf 83' lang='lat' dir='ltr'><strong><em>et</em></strong></span> <span class='ocrx_word' id='word_1_290' title='bbox 954 4203 1104 4279; x_wconf 82' lang='lat' dir='ltr'><strong><em>inhuma</em></strong></span> 
     </span>
    </p>
   </div>
   <div class='ocr_carea' id='block_1_3' title="bbox 0 0 1417 4770">
    <p class='ocr_par' dir='ltr' id='par_1_3' title="bbox 0 0 1417 4770">
     <span class='ocr_line' id='line_1_40' title="bbox 0 0 1417 4770; baseline 0 0"><span class='ocrx_word' id='word_1_291' title='bbox 0 0 1417 4770; x_wconf 95' lang='lat' dir='ltr'><strong><em> </em></strong></span> 
     </span>
    </p>
   </div>
  </div>
 </body>
</html>
