<?xml version="1.0" encoding="UTF-8"?>
<!DOCTYPE html PUBLIC "-//W3C//DTD XHTML 1.0 Transitional//EN"
    "http://www.w3.org/TR/xhtml1/DTD/xhtml1-transitional.dtd">
<html xmlns="http://www.w3.org/1999/xhtml" xml:lang="en" lang="en">
 <head>
  <title>
</title>
<meta http-equiv="Content-Type" content="text/html;charset=utf-8" />
  <meta name='ocr-system' content='tesseract 3.04.00' />
  <meta name='ocr-capabilities' content='ocr_page ocr_carea ocr_par ocr_line ocrx_word'/>
</head>
<body>
  <div class='ocr_page' id='page_1' title='image "./vitaheinriciivi00guidgoog_0034.png"; bbox 0 0 2850 4770; ppageno 0'>
   <div class='ocr_carea' id='block_1_1' title="bbox 281 317 1214 395">
    <p class='ocr_par' dir='ltr' id='par_1_1' title="bbox 281 317 1214 395">
     <span class='ocr_line' id='line_1_1' title="bbox 281 317 1214 395; baseline -0.002 -3"><span class='ocrx_word' id='word_1_1' title='bbox 281 319 388 395; x_wconf 76' lang='lat' dir='ltr'>VITA</span> <span class='ocrx_word' id='word_1_2' title='bbox 414 318 621 392; x_wconf 83' lang='lat' dir='ltr'><strong>HEINRICI</strong></span> <span class='ocrx_word' id='word_1_3' title='bbox 647 318 702 390; x_wconf 92' lang='lat' dir='ltr'>lV.</span> <span class='ocrx_word' id='word_1_4' title='bbox 727 317 1057 389; x_wconf 81' lang='lat' dir='ltr'>IMPERATORIS.</span> <span class='ocrx_word' id='word_1_5' title='bbox 1168 320 1214 390; x_wconf 85' lang='lat'>23</span> 
     </span>
    </p>
   </div>
   <div class='ocr_carea' id='block_1_2' title="bbox 110 515 1320 4114">
    <p class='ocr_par' dir='ltr' id='par_1_2' title="bbox 120 515 1313 2011">
     <span class='ocr_line' id='line_1_2' title="bbox 122 515 1313 615; baseline 0 -25"><span class='ocrx_word' id='word_1_6' title='bbox 122 519 182 615; x_wconf 92' lang='lat' dir='ltr'>qui</span> <span class='ocrx_word' id='word_1_7' title='bbox 197 518 368 615; x_wconf 89' lang='lat' dir='ltr'>quamvis</span> <span class='ocrx_word' id='word_1_8' title='bbox 383 543 503 614; x_wconf 84' lang='lat' dir='ltr'>nuper</span> <span class='ocrx_word' id='word_1_9' title='bbox 521 542 607 590; x_wconf 92' lang='lat' dir='ltr'>eum</span> <span class='ocrx_word' id='word_1_10' title='bbox 626 517 663 588; x_wconf 91' lang='lat' dir='ltr'>in</span> <span class='ocrx_word' id='word_1_11' title='bbox 681 528 761 588; x_wconf 88' lang='lat' dir='ltr'>arto</span> <span class='ocrx_word' id='word_1_12' title='bbox 779 541 855 588; x_wconf 92' lang='lat' dir='ltr'>non</span> <span class='ocrx_word' id='word_1_13' title='bbox 874 521 969 588; x_wconf 91' lang='lat' dir='ltr'>bene</span> <span class='ocrx_word' id='word_1_14' title='bbox 987 515 1214 613; x_wconf 78' lang='lat' dir='ltr'>reliquisset,</span> <span class='ocrx_word' id='word_1_15' title='bbox 1237 537 1313 590; x_wconf 80' lang='lat'>1105.</span> 
     </span>
     <span class='ocr_line' id='line_1_3' title="bbox 124 616 1213 714; baseline -0.003 -24"><span class='ocrx_word' id='word_1_16' title='bbox 124 644 209 690; x_wconf 89' lang='lat' dir='ltr'>oum</span> <span class='ocrx_word' id='word_1_17' title='bbox 237 643 376 714; x_wconf 81' lang='lat' dir='ltr'>magno</span> <span class='ocrx_word' id='word_1_18' title='bbox 403 629 531 690; x_wconf 90' lang='lat' dir='ltr'>tam-en</span> <span class='ocrx_word' id='word_1_19' title='bbox 560 620 704 689; x_wconf 87' lang='lat' dir='ltr'>honore</span> <span class='ocrx_word' id='word_1_20' title='bbox 738 616 924 713; x_wconf 84' lang='lat' dir='ltr'>suscepit,</span> <span class='ocrx_word' id='word_1_21' title='bbox 958 626 996 689; x_wconf 87' lang='lat' dir='ltr'>et</span> <span class='ocrx_word' id='word_1_22' title='bbox 1025 640 1144 713; x_wconf 91' lang='lat' dir='ltr'>usque</span> <span class='ocrx_word' id='word_1_23' title='bbox 1176 617 1213 688; x_wconf 91' lang='lat' dir='ltr'>in</span> 
     </span>
     <span class='ocr_line' id='line_1_4' title="bbox 123 717 1213 814; baseline -0.004 -22"><span class='ocrx_word' id='word_1_24' title='bbox 123 719 325 792; x_wconf 86' lang='lat' dir='ltr'>Saxoniam</span> <span class='ocrx_word' id='word_1_25' title='bbox 351 718 516 813; x_wconf 73' lang='lat' dir='ltr'>deduxit,</span> <span class='ocrx_word' id='word_1_26' title='bbox 551 718 611 790; x_wconf 91' lang='lat' dir='ltr'>ubi</span> <span class='ocrx_word' id='word_1_27' title='bbox 638 718 809 814; x_wconf 90' lang='lat' dir='ltr'>quamvis</span> <span class='ocrx_word' id='word_1_28' title='bbox 841 717 997 788; x_wconf 88' lang='lat' dir='ltr'>infestos</span> <span class='ocrx_word' id='word_1_29' title='bbox 1035 727 1072 787; x_wconf 88' lang='lat' dir='ltr'>et</span> <span class='ocrx_word' id='word_1_30' title='bbox 1097 717 1213 788; x_wconf 88' lang='lat' dir='ltr'>fortes</span> 
     </span>
     <span class='ocr_line' id='line_1_5' title="bbox 121 814 1214 914; baseline -0.002 -24"><span class='ocrx_word' id='word_1_31' title='bbox 121 818 292 890; x_wconf 91' lang='lat' dir='ltr'>inimicos</span> <span class='ocrx_word' id='word_1_32' title='bbox 318 819 492 913; x_wconf 90' lang='lat' dir='ltr'>haberet,</span> <span class='ocrx_word' id='word_1_33' title='bbox 528 834 596 914; x_wconf 86' lang='lat' dir='ltr'>per</span> <span class='ocrx_word' id='word_1_34' title='bbox 628 841 695 890; x_wconf 91' lang='lat' dir='ltr'>eos</span> <span class='ocrx_word' id='word_1_35' title='bbox 722 828 850 888; x_wconf 89' lang='lat' dir='ltr'>tamen</span> <span class='ocrx_word' id='word_1_36' title='bbox 877 825 915 889; x_wconf 87' lang='lat' dir='ltr'>et</span> <span class='ocrx_word' id='word_1_37' title='bbox 941 820 986 888; x_wconf 91' lang='lat' dir='ltr'>ab</span> <span class='ocrx_word' id='word_1_38' title='bbox 1013 814 1067 887; x_wconf 89' lang='lat' dir='ltr'>eis</span> <span class='ocrx_word' id='word_1_39' title='bbox 1093 841 1214 912; x_wconf 90' lang='lat' dir='ltr'>nsque</span> 
     </span>
     <span class='ocr_line' id='line_1_6' title="bbox 123 915 1214 1010; baseline -0.003 -20"><span class='ocrx_word' id='word_1_40' title='bbox 123 922 166 990; x_wconf 92' lang='lat' dir='ltr'>ad</span> <span class='ocrx_word' id='word_1_41' title='bbox 186 919 334 991; x_wconf 88' lang='lat' dir='ltr'>Renum</span> <span class='ocrx_word' id='word_1_42' title='bbox 358 916 562 989; x_wconf 90' lang='lat' dir='ltr'>honorifice</span> <span class='ocrx_word' id='word_1_43' title='bbox 584 921 764 989; x_wconf 90' lang='lat' dir='ltr'>deductus</span> <span class='ocrx_word' id='word_1_44' title='bbox 794 928 863 989; x_wconf 90' lang='lat' dir='ltr'>est.</span> <span class='ocrx_word' id='word_1_45' title='bbox 899 918 1005 988; x_wconf 88' lang='lat' dir='ltr'>Unde</span> <span class='ocrx_word' id='word_1_46' title='bbox 1029 916 1113 1010; x_wconf 93' lang='lat' dir='ltr'>hoc,</span> <span class='ocrx_word' id='word_1_47' title='bbox 1143 915 1214 988; x_wconf 90' lang='lat' dir='ltr'>nisi</span> 
     </span>
     <span class='ocr_line' id='line_1_7' title="bbox 122 1014 1214 1114; baseline -0.002 -25"><span class='ocrx_word' id='word_1_48' title='bbox 122 1020 219 1114; x_wconf 91' lang='lat' dir='ltr'>quod</span> <span class='ocrx_word' id='word_1_49' title='bbox 253 1043 387 1089; x_wconf 91' lang='lat' dir='ltr'>manus</span> <span class='ocrx_word' id='word_1_50' title='bbox 420 1017 568 1089; x_wconf 88' lang='lat' dir='ltr'>Domini</span> <span class='ocrx_word' id='word_1_51' title='bbox 605 1029 685 1089; x_wconf 89' lang='lat' dir='ltr'>erat</span> <span class='ocrx_word' id='word_1_52' title='bbox 717 1042 802 1088; x_wconf 91' lang='lat' dir='ltr'>cum</span> <span class='ocrx_word' id='word_1_53' title='bbox 830 1041 893 1111; x_wconf 85' lang='lat' dir='ltr'>eo,</span> <span class='ocrx_word' id='word_1_54' title='bbox 925 1026 962 1087; x_wconf 90' lang='lat' dir='ltr'>et</span> <span class='ocrx_word' id='word_1_55' title='bbox 990 1014 1214 1089; x_wconf 85' lang='lat' dir='ltr'>invisibilem</span> 
     </span>
     <span class='ocr_line' id='line_1_8' title="bbox 122 1116 1216 1212; baseline -0.005 -22"><span class='ocrx_word' id='word_1_56' title='bbox 122 1122 256 1190; x_wconf 88' lang='lat' dir='ltr'>ducem</span> <span class='ocrx_word' id='word_1_57' title='bbox 290 1118 471 1211; x_wconf 89' lang='lat' dir='ltr'>habebat,</span> <span class='ocrx_word' id='word_1_58' title='bbox 508 1117 568 1212; x_wconf 92' lang='lat' dir='ltr'>qui</span> <span class='ocrx_word' id='word_1_59' title='bbox 601 1142 688 1188; x_wconf 92' lang='lat' dir='ltr'>eum</span> <span class='ocrx_word' id='word_1_60' title='bbox 724 1141 900 1189; x_wconf 90' lang='lat' dir='ltr'>securum</span> <span class='ocrx_word' id='word_1_61' title='bbox 922 1120 993 1212; x_wconf 76' lang='lat' dir='ltr'>&#39;per</span> <span class='ocrx_word' id='word_1_62' title='bbox 1016 1116 1112 1211; x_wconf 88' lang='lat' dir='ltr'>tela,</span> <span class='ocrx_word' id='word_1_63' title='bbox 1146 1139 1216 1212; x_wconf 90' lang='lat' dir='ltr'>per</span> 
     </span>
     <span class='ocr_line' id='line_1_9' title="bbox 121 1214 1214 1311; baseline -0.001 -23"><span class='ocrx_word' id='word_1_64' title='bbox 121 1219 270 1311; x_wconf 90' lang='lat' dir='ltr'>hostes,</span> <span class='ocrx_word' id='word_1_65' title='bbox 300 1219 482 1288; x_wconf 72' lang='lat' dir='ltr'>ducebat?</span> <span class='ocrx_word' id='word_1_66' title='bbox 517 1219 597 1288; x_wconf 90' lang='lat' dir='ltr'>Hoc</span> <span class='ocrx_word' id='word_1_67' title='bbox 622 1217 799 1289; x_wconf 91' lang='lat' dir='ltr'>miraculo</span> <span class='ocrx_word' id='word_1_68' title='bbox 824 1217 988 1288; x_wconf 85' lang='lat' dir='ltr'>monitus</span> <span class='ocrx_word' id='word_1_69' title='bbox 1017 1239 1081 1310; x_wconf 91' lang='lat' dir='ltr'>es,</span> <span class='ocrx_word' id='word_1_70' title='bbox 1113 1240 1135 1285; x_wconf 94' lang='lat' dir='ltr'>o</span> <span class='ocrx_word' id='word_1_71' title='bbox 1162 1214 1214 1288; x_wconf 90' lang='lat' dir='ltr'>fili</span> 
     </span>
     <span class='ocr_line' id='line_1_10' title="bbox 121 1315 1214 1414; baseline -0.001 -26"><span class='ocrx_word' id='word_1_72' title='bbox 121 1316 371 1414; x_wconf 78' lang='lat' dir='ltr'>imperatoriS,</span> <span class='ocrx_word' id='word_1_73' title='bbox 403 1317 433 1388; x_wconf 91' lang='lat' dir='ltr'>si</span> <span class='ocrx_word' id='word_1_74' title='bbox 458 1317 603 1389; x_wconf 91' lang='lat' dir='ltr'>moneri</span> <span class='ocrx_word' id='word_1_75' title='bbox 622 1341 771 1413; x_wconf 90' lang='lat' dir='ltr'>posses,</span> <span class='ocrx_word' id='word_1_76' title='bbox 798 1328 839 1388; x_wconf 88' lang='lat' dir='ltr'>ut</span> <span class='ocrx_word' id='word_1_77' title='bbox 856 1317 1022 1388; x_wconf 88' lang='lat' dir='ltr'>disceres</span> <span class='ocrx_word' id='word_1_78' title='bbox 1042 1315 1214 1387; x_wconf 90' lang='lat' dir='ltr'>venerari</span> 
     </span>
     <span class='ocr_line' id='line_1_11' title="bbox 120 1415 1214 1514; baseline -0.003 -26"><span class='ocrx_word' id='word_1_79' title='bbox 120 1427 267 1514; x_wconf 91' lang='lat' dir='ltr'>patrem</span> <span class='ocrx_word' id='word_1_80' title='bbox 294 1427 422 1511; x_wconf 91' lang='lat' dir='ltr'>tuum,</span> <span class='ocrx_word' id='word_1_81' title='bbox 449 1441 525 1488; x_wconf 91' lang='lat' dir='ltr'>non</span> <span class='ocrx_word' id='word_1_82' title='bbox 552 1416 748 1512; x_wconf 89' lang='lat' dir='ltr'>persequi,</span> <span class='ocrx_word' id='word_1_83' title='bbox 780 1441 893 1513; x_wconf 92' lang='lat' dir='ltr'>quem</span> <span class='ocrx_word' id='word_1_84' title='bbox 920 1415 1088 1487; x_wconf 90' lang='lat' dir='ltr'>venerati</span> <span class='ocrx_word' id='word_1_85' title='bbox 1115 1426 1214 1509; x_wconf 91' lang='lat' dir='ltr'>sunt,</span> 
     </span>
     <span class='ocr_line' id='line_1_12' title="bbox 123 1514 1213 1611; baseline -0.001 -23"><span class='ocrx_word' id='word_1_86' title='bbox 123 1542 208 1588; x_wconf 93' lang='lat' dir='ltr'>cum</span> <span class='ocrx_word' id='word_1_87' title='bbox 235 1516 273 1587; x_wconf 92' lang='lat' dir='ltr'>in</span> <span class='ocrx_word' id='word_1_88' title='bbox 291 1542 426 1588; x_wconf 91' lang='lat' dir='ltr'>manus</span> <span class='ocrx_word' id='word_1_89' title='bbox 452 1541 582 1588; x_wconf 87' lang='lat' dir='ltr'>eorum</span> <span class='ocrx_word' id='word_1_90' title='bbox 607 1517 789 1611; x_wconf 90' lang='lat' dir='ltr'>venisset,</span> <span class='ocrx_word' id='word_1_91' title='bbox 815 1516 928 1587; x_wconf 87' lang='lat' dir='ltr'>etiam</span> <span class='ocrx_word' id='word_1_92' title='bbox 953 1514 1102 1586; x_wconf 87' lang='lat' dir='ltr'>inimici.</span> <span class='ocrx_word' id='word_1_93' title='bbox 1139 1516 1213 1588; x_wconf 88' lang='lat' dir='ltr'>Sed</span> 
     </span>
     <span class='ocr_line' id='line_1_13' title="bbox 122 1615 1214 1711; baseline -0.003 -22"><span class='ocrx_word' id='word_1_94' title='bbox 122 1617 247 1689; x_wconf 91' lang='lat' dir='ltr'>durius</span> <span class='ocrx_word' id='word_1_95' title='bbox 267 1616 494 1711; x_wconf 71' lang='lat' dir='ltr'>moneberis,</span> <span class='ocrx_word' id='word_1_96' title='bbox 514 1642 600 1688; x_wconf 91' lang='lat' dir='ltr'>cum</span> <span class='ocrx_word' id='word_1_97' title='bbox 619 1641 666 1687; x_wconf 89' lang='lat' dir='ltr'>ex</span> <span class='ocrx_word' id='word_1_98' title='bbox 681 1618 752 1688; x_wconf 91' lang='lat' dir='ltr'>hac</span> <span class='ocrx_word' id='word_1_99' title='bbox 770 1627 848 1688; x_wconf 89' lang='lat' dir='ltr'>tam</span> <span class='ocrx_word' id='word_1_100' title='bbox 866 1615 941 1687; x_wconf 91' lang='lat' dir='ltr'>leni</span> <span class='ocrx_word' id='word_1_101' title='bbox 961 1615 1214 1686; x_wconf 75' lang='lat' dir='ltr'>admonitione</span> 
     </span>
     <span class='ocr_line' id='line_1_14' title="bbox 121 1715 1214 1814; baseline -0.001 -27"><span class='ocrx_word' id='word_1_102' title='bbox 121 1742 195 1787; x_wconf 92' lang='lat' dir='ltr'>non</span> <span class='ocrx_word' id='word_1_103' title='bbox 212 1716 420 1812; x_wconf 82' lang='lat' dir='ltr'>corrigaris.</span> <span class='ocrx_word' id='word_1_104' title='bbox 450 1719 543 1791; x_wconf 90' lang='lat' dir='ltr'>Cum</span> <span class='ocrx_word' id='word_1_105' title='bbox 559 1727 685 1788; x_wconf 91' lang='lat' dir='ltr'>autem</span> <span class='ocrx_word' id='word_1_106' title='bbox 700 1717 936 1814; x_wconf 87' lang='lat' dir='ltr'>imperatoris</span> <span class='ocrx_word' id='word_1_107' title='bbox 955 1716 1046 1810; x_wconf 82' lang='lat' dir='ltr'>fuga</span> <span class='ocrx_word' id='word_1_108' title='bbox 1065 1715 1214 1810; x_wconf 82' lang='lat' dir='ltr'>cognita</span> 
     </span>
     <span class='ocr_line' id='line_1_15' title="bbox 122 1815 1214 1913; baseline -0.005 -22"><span class='ocrx_word' id='word_1_109' title='bbox 122 1828 237 1913; x_wconf 88' lang='lat' dir='ltr'>esset,</span> <span class='ocrx_word' id='word_1_110' title='bbox 257 1828 415 1889; x_wconf 90' lang='lat' dir='ltr'>eventus</span> <span class='ocrx_word' id='word_1_111' title='bbox 434 1816 495 1888; x_wconf 92' lang='lat' dir='ltr'>ille</span> <span class='ocrx_word' id='word_1_112' title='bbox 515 1817 652 1889; x_wconf 86' lang='lat' dir='ltr'>multos</span> <span class='ocrx_word' id='word_1_113' title='bbox 673 1822 717 1889; x_wconf 90' lang='lat' dir='ltr'>ab</span> <span class='ocrx_word' id='word_1_114' title='bbox 738 1841 783 1888; x_wconf 91' lang='lat' dir='ltr'>eo</span> <span class='ocrx_word' id='word_1_115' title='bbox 803 1817 960 1911; x_wconf 88' lang='lat' dir='ltr'>seduxit,</span> <span class='ocrx_word' id='word_1_116' title='bbox 979 1815 1214 1912; x_wconf 93' lang='lat' dir='ltr'>multumque</span> 
     </span>
     <span class='ocr_line' id='line_1_16' title="bbox 121 1915 1166 2011; baseline -0.003 -23"><span class='ocrx_word' id='word_1_117' title='bbox 121 1922 233 1990; x_wconf 88' lang='lat' dir='ltr'>rebus</span> <span class='ocrx_word' id='word_1_118' title='bbox 252 1915 316 1987; x_wconf 87' lang='lat' dir='ltr'>filii</span> <span class='ocrx_word' id='word_1_119' title='bbox 335 1917 392 1987; x_wconf 92' lang='lat' dir='ltr'>sui</span> <span class='ocrx_word' id='word_1_120' title='bbox 411 1920 605 2011; x_wconf 90' lang='lat' dir='ltr'>accedere,</span> <span class='ocrx_word' id='word_1_121' title='bbox 625 1917 702 1989; x_wconf 92' lang='lat' dir='ltr'>suis</span> <span class='ocrx_word' id='word_1_122' title='bbox 722 1928 848 1989; x_wconf 88' lang='lat' dir='ltr'>autern</span> <span class='ocrx_word' id='word_1_123' title='bbox 867 1919 1049 1987; x_wconf 88' lang='lat' dir='ltr'>decedere</span> <span class='ocrx_word' id='word_1_124' title='bbox 1069 1915 1166 1986; x_wconf 85' lang='lat' dir='ltr'>fecit.</span> 
     </span>
    </p>

    <p class='ocr_par' dir='ltr' id='par_1_3' title="bbox 110 2016 1320 4114">
     <span class='ocr_line' id='line_1_17' title="bbox 110 2016 1214 2091; baseline -0.005 0"><span class='ocrx_word' id='word_1_125' title='bbox 110 2022 133 2078; x_wconf 75' lang='lat' dir='ltr'><em>s</em></span> <span class='ocrx_word' id='word_1_126' title='bbox 200 2023 254 2090; x_wconf 89' lang='grc'>10.</span> <span class='ocrx_word' id='word_1_127' title='bbox 291 2017 473 2091; x_wconf 87' lang='lat' dir='ltr'>Continuo</span> <span class='ocrx_word' id='word_1_128' title='bbox 498 2042 564 2088; x_wconf 89' lang='lat' dir='ltr'>rex</span> <span class='ocrx_word' id='word_1_129' title='bbox 587 2027 626 2087; x_wconf 88' lang='lat' dir='ltr'>ut</span> <span class='ocrx_word' id='word_1_130' title='bbox 644 2018 835 2089; x_wconf 83' lang='lat' dir='ltr'>faventem</span> <span class='ocrx_word' id='word_1_131' title='bbox 855 2016 923 2088; x_wconf 90' lang='lat' dir='ltr'>sibi</span> <span class='ocrx_word' id='word_1_132' title='bbox 942 2017 1130 2086; x_wconf 87' lang='lat' dir='ltr'>fortunam</span> <span class='ocrx_word' id='word_1_133' title='bbox 1156 2039 1214 2085; x_wconf 92' lang='lat' dir='ltr'>ur·</span> 
     </span>
     <span class='ocr_line' id='line_1_18' title="bbox 122 2113 1264 2212; baseline -0.005 -25"><span class='ocrx_word' id='word_1_134' title='bbox 122 2127 275 2212; x_wconf 78' lang='lat' dir='ltr'>guenet,</span> <span class='ocrx_word' id='word_1_135' title='bbox 309 2117 450 2188; x_wconf 90' lang='lat' dir='ltr'>curiam</span> <span class='ocrx_word' id='word_1_136' title='bbox 476 2117 734 2212; x_wconf 81' lang='lat' dir='ltr'>Mogontinam</span> <span class='ocrx_word' id='word_1_137' title='bbox 762 2120 806 2188; x_wconf 93' lang='lat' dir='ltr'>ad</span> <span class='ocrx_word' id='word_1_138' title='bbox 836 2115 960 2188; x_wconf 89' lang='lat' dir='ltr'>natale</span> <span class='ocrx_word' id='word_1_139' title='bbox 987 2115 1135 2187; x_wconf 90' lang='lat' dir='ltr'>Domini</span> <span class='ocrx_word' id='word_1_140' title='bbox 1160 2113 1213 2185; x_wconf 91' lang='lat' dir='ltr'>in·</span> <span class='ocrx_word' id='word_1_141' title='bbox 1237 2121 1264 2180; x_wconf 65' lang='lat' dir='ltr'>t</span> 
     </span>
     <span class='ocr_line' id='line_1_19' title="bbox 122 2214 1212 2313; baseline -0.002 -24"><span class='ocrx_word' id='word_1_142' title='bbox 122 2216 222 2311; x_wconf 87' lang='lat' dir='ltr'>dixit,</span> <span class='ocrx_word' id='word_1_143' title='bbox 241 2216 410 2288; x_wconf 88' lang='lat' dir='ltr'>invitavit</span> <span class='ocrx_word' id='word_1_144' title='bbox 423 2230 614 2313; x_wconf 78' lang='lat' dir='ltr'>proceres,</span> <span class='ocrx_word' id='word_1_145' title='bbox 635 2216 832 2288; x_wconf 84' lang='lat' dir='ltr'>accersivit</span> <span class='ocrx_word' id='word_1_146' title='bbox 845 2216 996 2311; x_wconf 87' lang='lat' dir='ltr'>multos,</span> <span class='ocrx_word' id='word_1_147' title='bbox 1015 2225 1054 2285; x_wconf 88' lang='lat' dir='ltr'>ut</span> <span class='ocrx_word' id='word_1_148' title='bbox 1070 2214 1212 2287; x_wconf 89' lang='lat' dir='ltr'>cunctis</span> 
     </span>
     <span class='ocr_line' id='line_1_20' title="bbox 120 2315 1212 2413; baseline -0.004 -24"><span class='ocrx_word' id='word_1_149' title='bbox 120 2318 387 2413; x_wconf 88' lang='lat' dir='ltr'>innotesceret,</span> <span class='ocrx_word' id='word_1_150' title='bbox 413 2317 499 2412; x_wconf 91' lang='lat' dir='ltr'>quia</span> <span class='ocrx_word' id='word_1_151' title='bbox 526 2317 697 2388; x_wconf 92' lang='lat' dir='ltr'>dominus</span> <span class='ocrx_word' id='word_1_152' title='bbox 725 2341 852 2395; x_wconf 86' lang='lat' dir='ltr'>rerum</span> <span class='ocrx_word' id='word_1_153' title='bbox 880 2340 966 2387; x_wconf 87' lang='lat' dir='ltr'>esse</span> <span class='ocrx_word' id='word_1_154' title='bbox 993 2315 1116 2386; x_wconf 86' lang='lat' dir='ltr'>vellet.</span> <span class='ocrx_word' id='word_1_155' title='bbox 1157 2317 1212 2385; x_wconf 87' lang='lat' dir='ltr'>Ad</span> 
     </span>
     <span class='ocr_line' id='line_1_21' title="bbox 122 2413 1212 2513; baseline -0.001 -26"><span class='ocrx_word' id='word_1_156' title='bbox 122 2441 235 2513; x_wconf 90' lang='lat' dir='ltr'>quam</span> <span class='ocrx_word' id='word_1_157' title='bbox 250 2416 391 2487; x_wconf 90' lang='lat' dir='ltr'>curiam</span> <span class='ocrx_word' id='word_1_158' title='bbox 407 2416 520 2487; x_wconf 89' lang='lat' dir='ltr'>etiam</span> <span class='ocrx_word' id='word_1_159' title='bbox 535 2416 739 2513; x_wconf 89' lang='lat' dir='ltr'>imperator</span> <span class='ocrx_word' id='word_1_160' title='bbox 756 2414 970 2486; x_wconf 91' lang='lat' dir='ltr'>convocatis</span> <span class='ocrx_word' id='word_1_161' title='bbox 985 2413 1212 2487; x_wconf 89' lang='lat' dir='ltr'>necessariis</span> 
     </span>
     <span class='ocr_line' id='line_1_22' title="bbox 122 2515 1212 2612; baseline -0.001 -25"><span class='ocrx_word' id='word_1_162' title='bbox 122 2519 212 2611; x_wconf 77' lang='lat' dir='ltr'>suiS,</span> <span class='ocrx_word' id='word_1_163' title='bbox 240 2516 371 2587; x_wconf 89' lang='lat' dir='ltr'>venire</span> <span class='ocrx_word' id='word_1_164' title='bbox 389 2515 584 2612; x_wconf 84' lang='lat' dir='ltr'>disposuit,</span> <span class='ocrx_word' id='word_1_165' title='bbox 602 2517 734 2588; x_wconf 90' lang='lat' dir='ltr'>volens</span> <span class='ocrx_word' id='word_1_166' title='bbox 754 2515 954 2586; x_wconf 87' lang='lat' dir='ltr'>iuratione</span> <span class='ocrx_word' id='word_1_167' title='bbox 974 2538 1128 2611; x_wconf 88' lang='lat' dir='ltr'>ponere,</span> <span class='ocrx_word' id='word_1_168' title='bbox 1155 2537 1212 2586; x_wconf 87' lang='lat' dir='ltr'>re-</span> 
     </span>
     <span class='ocr_line' id='line_1_23' title="bbox 122 2615 1320 2708; baseline -0.005 -20"><span class='ocrx_word' id='word_1_169' title='bbox 122 2627 229 2688; x_wconf 87' lang='lat' dir='ltr'>ctene</span> <span class='ocrx_word' id='word_1_170' title='bbox 249 2640 379 2688; x_wconf 89' lang='lat' dir='ltr'>secum</span> <span class='ocrx_word' id='word_1_171' title='bbox 399 2641 445 2687; x_wconf 93' lang='lat' dir='ltr'>an</span> <span class='ocrx_word' id='word_1_172' title='bbox 466 2639 577 2687; x_wconf 91' lang='lat' dir='ltr'>secus</span> <span class='ocrx_word' id='word_1_173' title='bbox 592 2627 717 2687; x_wconf 91' lang='lat' dir='ltr'>actum</span> <span class='ocrx_word' id='word_1_174' title='bbox 735 2626 847 2687; x_wconf 91' lang='lat' dir='ltr'>esset.</span> <span class='ocrx_word' id='word_1_175' title='bbox 876 2615 981 2700; x_wconf 82' lang='lat' dir='ltr'>Quod</span> <span class='ocrx_word' id='word_1_176' title='bbox 998 2637 1083 2686; x_wconf 90' lang='lat' dir='ltr'>cnm</span> <span class='ocrx_word' id='word_1_177' title='bbox 1098 2637 1212 2708; x_wconf 82' lang='lat' dir='ltr'>agno·</span> <span class='ocrx_word' id='word_1_178' title='bbox 1232 2629 1297 2682; x_wconf 77' lang='lat' dir='ltr'>nec.</span> <span class='ocrx_word' id='word_1_179' title='bbox 1317 2647 1320 2656; x_wconf 95' lang='lat'>·</span> 
     </span>
     <span class='ocr_line' id='line_1_24' title="bbox 111 2714 1210 2811; baseline -0.004 -22"><span class='ocrx_word' id='word_1_180' title='bbox 111 2717 265 2789; x_wconf 56' lang='lat' dir='ltr'>&gt;vissent</span> <span class='ocrx_word' id='word_1_181' title='bbox 283 2715 488 2788; x_wconf 89' lang='lat' dir='ltr'>adversarii</span> <span class='ocrx_word' id='word_1_182' title='bbox 507 2715 600 2811; x_wconf 93' lang='lat' dir='ltr'>eius,</span> <span class='ocrx_word' id='word_1_183' title='bbox 625 2726 839 2787; x_wconf 89' lang='lat' dir='ltr'>metuentes</span> <span class='ocrx_word' id='word_1_184' title='bbox 866 2726 904 2786; x_wconf 89' lang='lat' dir='ltr'>et</span> <span class='ocrx_word' id='word_1_185' title='bbox 922 2714 990 2787; x_wconf 83' lang='lat' dir='ltr'>sibi</span> <span class='ocrx_word' id='word_1_186' title='bbox 1017 2724 1054 2785; x_wconf 91' lang='lat' dir='ltr'>et</span> <span class='ocrx_word' id='word_1_187' title='bbox 1073 2737 1210 2785; x_wconf 90' lang='lat' dir='ltr'>causae</span> 
     </span>
     <span class='ocr_line' id='line_1_25' title="bbox 121 2814 1264 2912; baseline -0.005 -23"><span class='ocrx_word' id='word_1_188' title='bbox 121 2840 227 2912; x_wconf 89' lang='lat' dir='ltr'>suae,</span> <span class='ocrx_word' id='word_1_189' title='bbox 256 2815 286 2888; x_wconf 93' lang='lat' dir='ltr'>si</span> <span class='ocrx_word' id='word_1_190' title='bbox 304 2816 451 2886; x_wconf 90' lang='lat' dir='ltr'>veniret</span> <span class='ocrx_word' id='word_1_191' title='bbox 467 2816 529 2886; x_wconf 93' lang='lat' dir='ltr'>ille</span> <span class='ocrx_word' id='word_1_192' title='bbox 546 2826 624 2887; x_wconf 91' lang='lat' dir='ltr'>tam</span> <span class='ocrx_word' id='word_1_193' title='bbox 645 2824 810 2887; x_wconf 90' lang='lat' dir='ltr'>armatus</span> <span class='ocrx_word' id='word_1_194' title='bbox 830 2814 1075 2909; x_wconf 89' lang='lat' dir='ltr'>multitudine,</span> <span class='ocrx_word' id='word_1_195' title='bbox 1098 2839 1211 2910; x_wconf 92' lang='lat' dir='ltr'>quam</span> <span class='ocrx_word' id='word_1_196' title='bbox 1259 2856 1264 2871; x_wconf 64' lang='grc' dir='ltr'>ι</span> 
     </span>
     <span class='ocr_line' id='line_1_26' title="bbox 120 2914 1211 3012; baseline -0.003 -25"><span class='ocrx_word' id='word_1_197' title='bbox 120 2916 277 3010; x_wconf 90' lang='lat' dir='ltr'>ratione,</span> <span class='ocrx_word' id='word_1_198' title='bbox 304 2917 403 2987; x_wconf 90' lang='lat' dir='ltr'>hanc</span> <span class='ocrx_word' id='word_1_199' title='bbox 430 2916 600 2986; x_wconf 86' lang='lat' dir='ltr'>fraudem</span> <span class='ocrx_word' id='word_1_200' title='bbox 618 2915 699 3010; x_wconf 81' lang='lat' dir='ltr'>regi</span> <span class='ocrx_word' id='word_1_201' title='bbox 722 2920 989 3012; x_wconf 81' lang='lat' dir='ltr'>suggerebant,</span> <span class='ocrx_word' id='word_1_202' title='bbox 1016 2924 1056 2985; x_wconf 90' lang='lat' dir='ltr'>nt</span> <span class='ocrx_word' id='word_1_203' title='bbox 1081 2914 1211 2986; x_wconf 91' lang='lat' dir='ltr'>obvius</span> 
     </span>
     <span class='ocr_line' id='line_1_27' title="bbox 119 3015 1211 3115; baseline -0.003 -28"><span class='ocrx_word' id='word_1_204' title='bbox 119 3015 228 3115; x_wconf 88' lang='lat' dir='ltr'>patri,</span> <span class='ocrx_word' id='word_1_205' title='bbox 256 3027 404 3112; x_wconf 88' lang='lat' dir='ltr'>sumpto</span> <span class='ocrx_word' id='word_1_206' title='bbox 429 3016 538 3087; x_wconf 90' lang='lat' dir='ltr'>valde</span> <span class='ocrx_word' id='word_1_207' title='bbox 563 3015 790 3111; x_wconf 89' lang='lat' dir='ltr'>poenitentis</span> <span class='ocrx_word' id='word_1_208' title='bbox 809 3015 926 3110; x_wconf 88' lang='lat' dir='ltr'>vultu,</span> <span class='ocrx_word' id='word_1_209' title='bbox 953 3015 1101 3111; x_wconf 92' lang='lat' dir='ltr'>culpam</span> <span class='ocrx_word' id='word_1_210' title='bbox 1120 3015 1211 3084; x_wconf 86' lang='lat' dir='ltr'>fate-</span> 
     </span>
     <span class='ocr_line' id='line_1_28' title="bbox 121 3113 1210 3212; baseline -0.004 -25"><span class='ocrx_word' id='word_1_211' title='bbox 121 3127 235 3210; x_wconf 89' lang='lat' dir='ltr'>retur,</span> <span class='ocrx_word' id='word_1_212' title='bbox 248 3124 286 3186; x_wconf 87' lang='lat' dir='ltr'>et</span> <span class='ocrx_word' id='word_1_213' title='bbox 298 3116 457 3210; x_wconf 83' lang='lat' dir='ltr'>gratiam</span> <span class='ocrx_word' id='word_1_214' title='bbox 473 3125 685 3212; x_wconf 87' lang='lat' dir='ltr'>expeteret:</span> <span class='ocrx_word' id='word_1_215' title='bbox 706 3115 832 3187; x_wconf 92' lang='lat' dir='ltr'>dolere</span> <span class='ocrx_word' id='word_1_216' title='bbox 845 3140 900 3210; x_wconf 91' lang='lat' dir='ltr'>se,</span> <span class='ocrx_word' id='word_1_217' title='bbox 915 3117 1010 3212; x_wconf 92' lang='lat' dir='ltr'>quod</span> <span class='ocrx_word' id='word_1_218' title='bbox 1021 3113 1210 3209; x_wconf 82' lang='lat' dir='ltr'>malignae</span> 
     </span>
     <span class='ocr_line' id='line_1_29' title="bbox 122 3215 1211 3312; baseline -0.005 -24"><span class='ocrx_word' id='word_1_219' title='bbox 122 3215 356 3311; x_wconf 83' lang='lat' dir='ltr'>suggestioni</span> <span class='ocrx_word' id='word_1_220' title='bbox 388 3215 666 3311; x_wconf 86' lang='lat' dir='ltr'>consensisset,</span> <span class='ocrx_word' id='word_1_221' title='bbox 703 3227 874 3312; x_wconf 88' lang='lat' dir='ltr'>paratum</span> <span class='ocrx_word' id='word_1_222' title='bbox 907 3239 949 3286; x_wconf 86' lang='lat' dir='ltr'>se</span> <span class='ocrx_word' id='word_1_223' title='bbox 977 3217 1021 3285; x_wconf 93' lang='lat' dir='ltr'>ad</span> <span class='ocrx_word' id='word_1_224' title='bbox 1058 3237 1211 3284; x_wconf 91' lang='lat' dir='ltr'>omnem</span> 
     </span>
     <span class='ocr_line' id='line_1_30' title="bbox 121 3303 1211 3417; baseline -0.005 -29"><span class='ocrx_word' id='word_1_225' title='bbox 121 3314 438 3411; x_wconf 68' lang='lat' dir='ltr'>satisfactionem,</span> <span class='ocrx_word' id='word_1_226' title='bbox 463 3319 663 3388; x_wconf 91' lang='lat' dir='ltr'>dummodo</span> <span class='ocrx_word' id='word_1_227' title='bbox 689 3316 848 3411; x_wconf 84' lang='lat' dir='ltr'>gratiam</span> <span class='ocrx_word' id='word_1_228' title='bbox 872 3314 1066 3386; x_wconf 90' lang='lat' dir='ltr'>inveniret.</span> <span class='ocrx_word' id='word_1_229' title='bbox 1083 3303 1092 3417; x_wconf 70' lang='lat' dir='ltr'>l</span> <span class='ocrx_word' id='word_1_230' title='bbox 1110 3315 1155 3386; x_wconf 86' lang='lat' dir='ltr'>Et</span> <span class='ocrx_word' id='word_1_231' title='bbox 1180 3312 1211 3385; x_wconf 92' lang='lat' dir='ltr'>si</span> 
     </span>
     <span class='ocr_line' id='line_1_31' title="bbox 121 3413 1211 3512; baseline -0.006 -23"><span class='ocrx_word' id='word_1_232' title='bbox 121 3417 175 3490; x_wconf 94' lang='lat' dir='ltr'>sic</span> <span class='ocrx_word' id='word_1_233' title='bbox 189 3414 429 3487; x_wconf 90' lang='lat' dir='ltr'>occasionem</span> <span class='ocrx_word' id='word_1_234' title='bbox 442 3415 583 3487; x_wconf 88' lang='lat' dir='ltr'>fraudis</span> <span class='ocrx_word' id='word_1_235' title='bbox 595 3415 764 3487; x_wconf 91' lang='lat' dir='ltr'>invenire</span> <span class='ocrx_word' id='word_1_236' title='bbox 783 3426 927 3512; x_wconf 89' lang='lat' dir='ltr'>posset,</span> <span class='ocrx_word' id='word_1_237' title='bbox 946 3424 1113 3487; x_wconf 88' lang='lat' dir='ltr'>uteretur</span> <span class='ocrx_word' id='word_1_238' title='bbox 1129 3413 1211 3508; x_wconf 76' lang='lat' dir='ltr'>illa,</span> 
     </span>
     <span class='ocr_line' id='line_1_32' title="bbox 121 3514 1213 3612; baseline -0.005 -24"><span class='ocrx_word' id='word_1_239' title='bbox 121 3517 177 3589; x_wconf 93' lang='lat' dir='ltr'>sin</span> <span class='ocrx_word' id='word_1_240' title='bbox 204 3526 344 3610; x_wconf 88' lang='lat' dir='ltr'>autem,</span> <span class='ocrx_word' id='word_1_241' title='bbox 372 3515 473 3586; x_wconf 81' lang='lat' dir='ltr'>fraus</span> <span class='ocrx_word' id='word_1_242' title='bbox 499 3514 580 3612; x_wconf 90' lang='lat' dir='ltr'>ipsa</span> <span class='ocrx_word' id='word_1_243' title='bbox 601 3540 668 3612; x_wconf 90' lang='lat' dir='ltr'>pro</span> <span class='ocrx_word' id='word_1_244' title='bbox 693 3514 779 3610; x_wconf 89' lang='lat' dir='ltr'>fide,</span> <span class='ocrx_word' id='word_1_245' title='bbox 808 3514 995 3587; x_wconf 89' lang='lat' dir='ltr'>simulatio</span> <span class='ocrx_word' id='word_1_246' title='bbox 1020 3522 1213 3585; x_wconf 88' lang='lat' dir='ltr'>teneretur</span> 
     </span>
     <span class='ocr_line' id='line_1_33' title="bbox 119 3614 1210 3714; baseline -0.004 -27"><span class='ocrx_word' id='word_1_247' title='bbox 119 3641 187 3714; x_wconf 88' lang='lat' dir='ltr'>pro</span> <span class='ocrx_word' id='word_1_248' title='bbox 216 3616 383 3689; x_wconf 89' lang='lat' dir='ltr'>veritate.</span> <span class='ocrx_word' id='word_1_249' title='bbox 419 3616 498 3686; x_wconf 88' lang='lat' dir='ltr'>Hac</span> <span class='ocrx_word' id='word_1_250' title='bbox 524 3615 727 3690; x_wconf 87' lang='lat' dir='ltr'>instructus</span> <span class='ocrx_word' id='word_1_251' title='bbox 753 3627 832 3689; x_wconf 87' lang='lat' dir='ltr'>arte</span> <span class='ocrx_word' id='word_1_252' title='bbox 859 3640 944 3688; x_wconf 91' lang='lat' dir='ltr'>cum</span> <span class='ocrx_word' id='word_1_253' title='bbox 970 3614 1140 3688; x_wconf 84' lang='lat' dir='ltr'>venisset</span> <span class='ocrx_word' id='word_1_254' title='bbox 1165 3615 1210 3684; x_wconf 89' lang='lat' dir='ltr'>ad</span> 
     </span>
     <span class='ocr_line' id='line_1_34' title="bbox 119 3712 1296 3814; baseline -0.004 -26"><span class='ocrx_word' id='word_1_255' title='bbox 119 3714 299 3814; x_wconf 83' lang='lat' dir='ltr'>patrem1,</span> <span class='ocrx_word' id='word_1_256' title='bbox 319 3726 425 3812; x_wconf 89' lang='lat' dir='ltr'>pater</span> <span class='ocrx_word' id='word_1_257' title='bbox 444 3716 615 3788; x_wconf 90' lang='lat' dir='ltr'>credulus</span> <span class='ocrx_word' id='word_1_258' title='bbox 635 3715 759 3787; x_wconf 86' lang='lat' dir='ltr'>verbis</span> <span class='ocrx_word' id='word_1_259' title='bbox 780 3726 820 3787; x_wconf 88' lang='lat' dir='ltr'>et&#39;</span> <span class='ocrx_word' id='word_1_260' title='bbox 829 3715 992 3787; x_wconf 90' lang='lat' dir='ltr'>lacrimis</span> <span class='ocrx_word' id='word_1_261' title='bbox 1011 3713 1087 3809; x_wconf 90' lang='lat' dir='ltr'>filii,</span> <span class='ocrx_word' id='word_1_262' title='bbox 1106 3712 1212 3783; x_wconf 88' lang='lat' dir='ltr'>irruit</span> <span class='ocrx_word' id='word_1_263' title='bbox 1231 3734 1296 3785; x_wconf 69' lang='lat' dir='ltr'>nec.</span> 
     </span>
     <span class='ocr_line' id='line_1_35' title="bbox 122 3811 1273 3912; baseline -0.003 -25"><span class='ocrx_word' id='word_1_264' title='bbox 122 3840 235 3912; x_wconf 88' lang='lat' dir='ltr'>super</span> <span class='ocrx_word' id='word_1_265' title='bbox 254 3817 390 3887; x_wconf 92' lang='lat' dir='ltr'>collum</span> <span class='ocrx_word' id='word_1_266' title='bbox 410 3816 503 3911; x_wconf 91' lang='lat' dir='ltr'>eius,</span> <span class='ocrx_word' id='word_1_267' title='bbox 521 3813 617 3887; x_wconf 87' lang='lat' dir='ltr'>flens</span> <span class='ocrx_word' id='word_1_268' title='bbox 639 3826 676 3887; x_wconf 92' lang='lat' dir='ltr'>et</span> <span class='ocrx_word' id='word_1_269' title='bbox 694 3816 917 3887; x_wconf 88' lang='lat' dir='ltr'>deosculans</span> <span class='ocrx_word' id='word_1_270' title='bbox 938 3839 1038 3908; x_wconf 91' lang='lat' dir='ltr'>eum,</span> <span class='ocrx_word' id='word_1_271' title='bbox 1056 3812 1210 3909; x_wconf 85' lang='lat' dir='ltr'>gavisus</span> <span class='ocrx_word' id='word_1_272' title='bbox 1230 3811 1273 3859; x_wconf 60' lang='lat'>2⁰·</span> 
     </span>
     <span class='ocr_line' id='line_1_36' title="bbox 121 3912 1209 4012; baseline -0.004 -26"><span class='ocrx_word' id='word_1_273' title='bbox 121 3916 239 3987; x_wconf 91' lang='lat' dir='ltr'>instar</span> <span class='ocrx_word' id='word_1_274' title='bbox 264 3916 361 3988; x_wconf 92' lang='lat' dir='ltr'>illius</span> <span class='ocrx_word' id='word_1_275' title='bbox 388 3914 598 4012; x_wconf 83' lang='lat' dir='ltr'>euangelici</span> <span class='ocrx_word' id='word_1_276' title='bbox 623 3915 759 4011; x_wconf 84' lang='lat' dir='ltr'>patris,</span> <span class='ocrx_word' id='word_1_277' title='bbox 791 3915 982 3987; x_wconf 80' lang='lat' dir='ltr'>revixisse·</span> <span class='ocrx_word' id='word_1_278' title='bbox 1000 3912 1117 3987; x_wconf 90' lang='lat' dir='ltr'>filium</span> <span class='ocrx_word' id='word_1_279' title='bbox 1149 3912 1209 4010; x_wconf 91' lang='lat' dir='ltr'>qui</span> 
     </span>
     <span class='ocr_line' id='line_1_37' title="bbox 120 4013 1210 4114; baseline -0.004 -28"><span class='ocrx_word' id='word_1_280' title='bbox 120 4026 290 4087; x_wconf 91' lang='lat' dir='ltr'>mortuus</span> <span class='ocrx_word' id='word_1_281' title='bbox 321 4016 461 4111; x_wconf 85' lang='lat' dir='ltr'>fuerat,</span> <span class='ocrx_word' id='word_1_282' title='bbox 499 4026 536 4088; x_wconf 88' lang='lat' dir='ltr'>et</span> <span class='ocrx_word' id='word_1_283' title='bbox 565 4015 760 4087; x_wconf 88' lang='lat' dir='ltr'>inventum</span> <span class='ocrx_word' id='word_1_284' title='bbox 792 4015 854 4114; x_wconf 91' lang='lat' dir='ltr'>qui</span> <span class='ocrx_word' id='word_1_285' title='bbox 885 4014 1073 4114; x_wconf 64' lang='lat' dir='ltr'>perierat?</span> <span class='ocrx_word' id='word_1_286' title='bbox 1117 4013 1210 4099; x_wconf 80' lang='lat' dir='ltr'>Quid</span> 
     </span>
    </p>
   </div>
   <div class='ocr_carea' id='block_1_3' title="bbox 125 4147 361 4217">
    <p class='ocr_par' dir='ltr' id='par_1_4' title="bbox 125 4147 361 4217">
     <span class='ocr_line' id='line_1_38' title="bbox 125 4147 361 4217; baseline -0.013 -12"><span class='ocrx_word' id='word_1_287' title='bbox 125 4149 147 4217; x_wconf 79' lang='lat' dir='ltr'>l)</span> <span class='ocrx_word' id='word_1_288' title='bbox 168 4147 361 4202; x_wconf 84' lang='lat' dir='ltr'>Confluentiae.</span> 
     </span>
    </p>
   </div>
   <div class='ocr_carea' id='block_1_4' title="bbox 0 0 1431 4770">
    <p class='ocr_par' dir='ltr' id='par_1_5' title="bbox 0 0 1431 4770">
     <span class='ocr_line' id='line_1_39' title="bbox 0 0 1431 4770; baseline 0 0"><span class='ocrx_word' id='word_1_289' title='bbox 0 0 1431 4770; x_wconf 95' lang='lat' dir='ltr'> </span> 
     </span>
    </p>
   </div>
  </div>
 </body>
</html>
