2850 4770
220 305 267 375 24
377 302 485 376 vlla
511 303 717 380 HElNlllCl
742 304 797 376 lV.
824 305 1153 379 IMPERATORIS.
1205 412 1208 415 V

122 517 199 570 1105.
221 501 362 573 multa?
390 502 623 575 Condonavit
639 502 714 575 lilio
732 515 811 587 tam
829 528 991 601 poenam
1012 529 1124 601 quam
1143 503 1313 599 culpam,

221 611 258 673 et
281 602 353 675 hoc
371 601 507 673 fuit-illi
526 602 698 676 iniuriam
716 602 780 675 lilii
798 605 1025 700 vindicasse,
1047 613 1204 701 paterna
1222 601 1315 674 leni·

138 732 188 774 ra.
220 711 296 773 tate
313 700 432 775 filium
447 702 685 800 corripuisse,
704 703 804 776 iuxta
820 704 907 777 illud
923 703 1073 777 comici:
1093 705 1164 776 Pro
1179 726 1314 796 rnapno

53 781 89 868 ἲ
118 789 367 902 γ’ξξξξρρεοοαέο
395 803 467 894 filii,
494 803 680 895 paululum
703 806 866 898 supplicii
889 807 978 877 sotis
1006 811 1060 876 est
1081 789 1207 898 patri.)
1226 802 1316 874 Post

220 902 316 973 haec
342 912 489 998 patrem
516 901 612 975 sicut
635 901 722 974 licta
747 903 1001 1001 poenitudine,
1027 903 1082 975 sic
1101 914 1138 975 et
1157 900 1314 974 consilio

220 1001 363 1096 fefellit,
381 1025 592 1098 suggerens
609 1003 656 1100 ei,
676 1006 990 1100 quemadmodum
1006 1003 1075 1076 sibi
1089 1011 1315 1098 suggestum

113 1118 116 1124 ’
220 1102 354 1197 fuerat,
372 1112 413 1172 ut
431 1101 586 1174 dimissa
603 1113 707 1174 tanta
720 1103 967 1200 multitudine,
986 1106 1031 1175 ad
1047 1102 1188 1174 curiam
1202 1105 1314 1174 ambo

220 1200 397 1275 mediocri
413 1202 520 1298 copia
533 1202 725 1297 venirent,
740 1203 830 1274 nihil
846 1227 946 1299 esse,
964 1227 1049 1274 cum
1064 1202 1135 1299 ipsi
1149 1200 1317 1274 coissent

220 1301 257 1371 in
286 1301 535 1397 concordiam,
567 1305 670 1400 quod¹
687 1303 737 1375 illi
762 1303 976 1398 resisteret,
1007 1301 1149 1374 vastari
1174 1300 1313 1396 omnia,

222 1401 254 1472 si
280 1412 483 1497 pergerent
509 1426 554 1475 ea
577 1403 693 1500 copia.
730 1403 872 1475 Placuit
890 1402 1088 1477 consilium
1105 1401 1224 1500 patri,
1251 1404 1315 1474 bo·

221 1526 311 1571 num
331 1501 493 1598 quidem,
521 1501 552 1574 si
575 1504 851 1575 fraudulentum
870 1528 944 1575 non
963 1503 1107 1575 fuisset.
1134 1500 1315 1573 Dimissa·

222 1625 294 1698 que
321 1601 569 1699 multitudine,
597 1628 672 1675 non
698 1604 783 1700 plus
812 1628 924 1700 quam
945 1602 1125 1675 trecentis
1151 1600 1240 1673 viris
1268 1603 1314 1673 ad

222 1700 364 1773 curiam
382 1699 456 1775 filio
476 1703 612 1776 comite
631 1708 822 1800 pergebat.
849 1707 1010 1776 Ventum
1030 1713 1089 1774 est
1107 1705 1151 1774 ad
1166 1710 1314 1772 noctur-

221 1825 309 1871 nam
329 1779 660 1905 mansionem5libi
684 1828 726 1876 se
744 1802 842 1876 lilius
862 1803 1041 1900 obsequio
1060 1801 1175 1903 patris
1194 1811 1315 1873 totum

221 1899 473 1997 impendebat,
498 1902 546 1974 ibi
565 1927 607 1975 se
626 1914 733 2000 pater
752 1928 838 1975 cum
855 1902 930 1975 lilio
950 1903 1086 1974 mirum
1104 1902 1140 1973 in
1160 1904 1315 1973 modum

220 2025 289 2097 per
314 2011 431 2074 totam
458 2002 560 2073 illam
587 2015 737 2075 noctem
764 2005 993 2099 oblectabat,
1023 2003 1315 2099 colloquebatur,

182 2100 449 2198 >colludebat,
475 2103 775 2199 amplexabatur,
807 2104 1065 2198 osculabatur,
1099 2100 1230 2173 avidus
1257 2124 1315 2171 re-

223 2223 472 2297 compensare
500 2205 678 2274 damnum
706 2203 962 2277 oblectationis
982 2201 1041 2274 diu
1061 2200 1315 2295 intermissae,

222 2303 288 2372 sed
304 2301 455 2374 nescius
470 2301 571 2373 illam
587 2304 844 2376 oblectationis
859 2313 1010 2375 noctem
1026 2300 1197 2374 ultimam
1216 2324 1315 2373 esse.

221 2400 368 2496 Mirum,
394 2402 563 2474 fraudem
591 2429 770 2501 umquam
788 2414 866 2475 tam
894 2403 1101 2475 ordinatam
1126 2402 1315 2472 fortunam

136 2515 201 2569 uec.
222 2500 410 2573 habuisse.
447 2502 602 2574 Postera
626 2527 790 2600 namque
819 2503 877 2575 die
905 2527 991 2574 cum
1016 2501 1091 2574 iam
1118 2499 1316 2598 appropin·
1351 2532 1356 2541 ·

108 2614 132 2665 t
156 2591 203 2643 ²2·
224 2612 382 2696 quarent
398 2602 625 2699 Mogontiae,
644 2603 746 2674 venit
765 2603 871 2700 quasi
889 2601 1054 2697 nuntius,
1082 2600 1144 2699 qui
1162 2601 1315 2694 diceret,

222 2699 410 2773 Bawarios
436 2713 473 2774 et
487 2699 632 2775 Suevos
653 2728 738 2774 cum
756 2703 900 2798 ingenti
914 2701 1147 2773 multitudine
1161 2702 1328 2795 Mogon··
1349 2752 1352 2757 ψ

174 2820 189 2875 ι(
221 2800 313 2871 tiam
330 2801 493 2874 venisse.
531 2803 634 2874 Tunc
654 2801 752 2874 filius
773 2801 968 2899 suggessit
985 2800 1214 2897 imperatori,
1241 2823 1316 2870 non

223 2924 310 2973 esse
346 2912 467 2972 tutum
501 2902 630 2975 venire
663 2903 700 2973 in
736 2903 881 2975 medios
918 2904 1070 2997 hosteS,
1105 2900 1175 2972 nisi
1208 2922 1316 2996 prae-

222 3001 413 3097 temptatis
443 3027 574 3074 corum
593 3002 749 3098 animia,
778 3002 972 3075 audaciam
990 2999 1185 3072 hominum
1204 2999 1315 3070 nullis

223 3100 274 3172 uti
293 3083 656 3222 frenis5ldiverteret
673 3103 796 3200 potius
817 3106 861 3174 ad
881 3102 1079 3175 castellum
1098 3102 1195 3196 quod
1214 3097 1317 3169 iuxta

224 3211 322 3296 erat,
351 3205 439 3273 dum
464 3202 547 3299 ipse
575 3203 793 3275 conveniret
820 3227 907 3298 eos,
935 3212 973 3273 et
999 3227 1021 3273 a
1048 3198 1236 3273 sententia
1262 3197 1315 3297 in·

225 3300 345 3398 coepti
373 3305 586 3398 deduceret,
618 3307 727 3376 etad
756 3328 843 3374 eum
870 3307 916 3375 ob
943 3301 1206 3399 requirendam
1234 3297 1316 3370 eius

223 3401 384 3498 gratiam
404 3426 535 3476 secum
553 3398 785 3513 adduceretl
799 3402 901 3475 Fecit
925 3401 1141 3499 imperator,
1161 3410 1202 3471 ut
1217 3397 1317 3470 lilius

224 3512 489 3598 suggesserat,
509 3503 656 3575 divertit
673 3507 719 3576 ad
739 3504 935 3576 castellum
946 3501 973 3598 1,
991 3526 1065 3573 non
1086 3523 1246 3573 cernens
1264 3498 1316 3570 la-

130 3697 133 3700 ,
224 3626 363 3700 qucum
381 3602 466 3698 doli,
487 3627 599 3700 quem
617 3614 762 3676 texerat
779 3604 936 3701 pulchra
954 3602 1102 3700 species
1122 3597 1322 3672 mendacis

223 3701 319 3774 fidei.
357 3705 451 3778 Cum
479 3713 605 3775 autem
621 3703 832 3800 'imperator
859 3728 944 3775 cum
970 3701 1099 3800 paucis
1124 3700 1316 3794 intrasset,

224 3804 375 3877 occlusa
401 3814 507 3901 porta
532 3801 702 3877 fidelibus
730 3803 810 3876 eius
838 3803 958 3876 aditus
993 3804 1220 3898 negabatur,
1253 3802 1316 3869 de-

224 3913 397 4001 tectaque
419 3905 560 3999 fraude,
581 3904 642 4000 qui
661 3915 835 4002 receptus
855 3914 914 3975 est
931 3913 971 3973 ut
985 3901 1171 3995 dominus,
1189 3908 1316 3970 tentus

226 4014 284 4076 est
311 4013 350 4074 ut
375 4003 564 4101 captivus,
600 4004 724 4100 itaque
751 4003 932 4101 appositis
964 4001 1059 4099 patri
1088 3999 1317 4091 custodibus,

229 4138 251 4210 l)
271 4138 327 4190 scil.
348 4136 549 4202 Bekelcnheim,
570 4139 639 4196 Ann.
661 4137 840 4196 Hildesbeim.
861 4136 910 4194 SS.
931 4136 979 4199 lll,
1005 4139 1062 4192 109.
