2820 4770
274 313 382 385 VITA
407 311 614 385 HlllNRlCl
633 312 688 384 lV.
716 309 1043 384 IMPERATORIS.
1157 312 1200 384 13

111 510 204 607 mis,
235 510 401 583 inmissis
436 511 542 608 equis
573 515 619 582 ad
653 508 907 583 molendinum
937 515 1201 608 properabant,

112 614 180 684 sed
198 622 453 708 pervenerunt
471 622 556 682 ante
575 611 671 683 votis
691 635 804 708 quam
823 610 939 707 equis.
976 611 1127 708 lncepta
1143 621 1202 684 est

111 735 256 809 pugna,
285 736 380 808 quae
400 711 461 783 diu
480 713 572 783 dura
589 711 657 782 fuit
676 721 713 782 et
730 709 860 806 dubia,
880 710 966 807 quia
982 712 1119 784 virtute
1137 735 1201 809 pa-

112 835 174 883 res
195 822 232 883 et
249 835 407 884 numero
427 811 642 908 congressi,
670 810 708 882 hi
727 834 793 907 pro
812 811 942 907 laude,
970 811 1020 882 illi
1038 835 1106 908 pro
1125 811 1203 884 vita

111 915 339 1010 pugnabant.
371 911 486 1007 Regis
500 922 628 984 tamen
642 911 791 982 fortuna
804 909 904 1007 vicit,
924 922 961 982 et
973 909 1092 983 hostis
1107 913 1202 984 fero·

113 1011 310 1117 cissimus,
337 1035 411 1082 non
430 1011 567 1083 in'acie
596 1013 662 1083 sed
681 1011 717 1081 in
736 1010 950 1082 molendino
968 1023 1202 1109 peremptus,

111 1111 270 1208 turpiter
294 1111 416 1182 iacuit.
459 1111 560 1182 Felix
588 1110 744 1182 nimium
771 1134 834 1206 eS,
864 1120 901 1182 et
926 1110 1031 1181 multi
1050 1135 1203 1209 semper

112 1211 275 1283 nominis
304 1212 425 1307 mola,
453 1214 498 1281 ad
534 1235 646 1307 quam
672 1210 785 1281 trahit
811 1210 984 1282 homines
1015 1235 1090 1282 non
1122 1222 1202 1283 tam

112 1322 219 1382 tuum
232 1310 392 1383 volubile
408 1309 585 1405 officium,
602 1335 715 1406 quarn
728 1311 847 1404 fama,
868 1335 964 1407 quae
980 1320 1017 1381 et
1029 1311 1203 1385 molendo

112 1435 281 1508 pugnam
307 1410 410 1481 illam
437 1434 587 1505 narras,
615 1421 653 1481 et
678 1413 861 1482 narrando
888 1410 1008 1482 molis.
1052 1410 1114 1483 Sic
1141 1412 1203 1484 ille

115 1522 322 1582 conventus
337 1534 537 1607 procerum
550 1510 743 1605 confusus,
762 1510 995 1607 procinctum
1011 1510 1132 1608 solvit,
1150 1513 1204 1584 sic

114 1615 160 1683 ab
179 1610 371 1684 obsidione
390 1610 527 1681 inlecto
546 1609 697 1705 negotio
716 1610 884 1682 recessit.
920 1611 1048 1706 ltaque
1066 1634 1128 1682 res
1147 1636 1203 1683 re-

114 1711 172 1807 gis
191 1711 229 1782 in
248 1710 419 1782 altiorem
439 1721 476 1781 et
498 1709 704 1781 feliciorem
724 1720 863 1782 statum
883 1735 925 1782 se
945 1709 1093 1783 cottidie
1120 1736 1203 1809 pro·
1236 1717 1246 1771 l

114 1814 335 1904 movebant,
356 1810 655 1882 adversariorum
678 1820 804 1880 autem
825 1811 904 1882 eius
924 1814 1101 1883 deorsum
1120 1836 1202 1883 ver-

115 1915 266 2007 gebant,
290 1921 328 1981 et
345 1932 458 1982 omne
479 1933 610 1981 eorum
628 1909 819 2006 inceptum
838 1910 876 1980 in
894 1921 1044 2005 turpem
1063 1911 1203 1983 exitum

115 2010 319 2082 desinebat.

189 2113 222 2184 6.
251 2112 345 2183 Cum
371 2133 462 2205 ergo
492 2118 690 2181 cernerent
715 2110 859 2180 nullum
886 2133 927 2180 se
953 2111 1093 2182 habere
1123 2135 1205 2182 suc-

116 2233 288 2306 cessum,
320 2233 391 2280 nee
425 2209 462 2279 in
499 2209 634 2305 armis,
670 2233 740 2280 nec
775 2208 812 2280 in
845 2209 1027 2282 electione
1058 2235 1205 2306 regum,

115 2309 250 2381 iterum
279 2333 321 2381 se
347 2308 524 2382 conviciis
551 2319 809 2405 armaverunt,
838 2320 875 2380 et
894 2333 982 2381 eum
1002 2314 1097 2408 apud
1117 2335 1205 2407 apo-

116 2409 288 2481 stolicum
324 2420 475 2505 praeter
509 2409 580 2481 alia
614 2410 731 2480 multa
765 2419 802 2480 et
832 2410 994 2481 nefanda
1022 2410 1204 2482 criminati

116 2520 215 2605 sunt,
231 2512 327 2606 quod
346 2532 457 2604 reges
475 2508 819 2604 christianissimoS,
838 2534 932 2606 quos
948 2509 1019 2606 ipsi
1037 2535 1112 2581 non
1124 2511 1205 2582 sine

116 2609 335 2681 auctoritate
354 2608 547 2705 apostolici
563 2616 771 2705 creassent,
790 2610 851 2680 ille
871 2613 917 2681 ob
933 2609 1075 2681 crimen
1094 2634 1205 2682 suum

117 2709 272 2781 extorris
290 2734 311 2780 a
326 2732 443 2804 regno
458 2709 593 2804 lactus,
612 2707 823 2804 occidisset,
842 2708 1026 2805 sanguine
1045 2733 1206 2806 regnum

116 2819 356 2906 usurpasset,
375 2809 482 2904 igne,
501 2812 653 2904 praeda,
676 2809 775 2880 ferro
796 2819 930 2880 cuncta
947 2821 1150 2906 vastasset,
1170 2821 1207 2882 et

115 2909 351 3003 tyrannidem
385 2933 494 2981 suam
522 2911 704 2980 adversus
732 2908 957 2981 aecclesiam
984 2921 1021 2983 et
1045 2934 1206 3006 regnum

116 3007 288 3080 omnibus
308 3008 427 3080 modis
448 3007 689 3081 exercuisset.
731 3010 786 3081 Ad
805 3033 963 3106 quorum
983 3009 1206 3081 criminatio·
1225 3029 1303 3085 roso.

116 3132 204 3179 nem
232 3108 460 3205 apostolicus
486 3133 572 3181 eum
599 3109 735 3180 iterum
761 3112 897 3205 banno,
933 3120 974 3181 ut
996 3110 1066 3208 ipsi
1092 3109 1205 3182 iacta·

116 3212 217 3304 bant,
236 3207 401 3303 illigavit.
450 3209 523 3281 Sed
543 3233 618 3280 non
637 3209 765 3305 magni
783 3210 959 3307 ponderis
979 3209 1039 3281 ille
1059 3214 1205 3284 bannus

116 3310 342 3403 habebatur,
371 3331 415 3378 eo
442 3310 539 3405 quod
566 3332 640 3380 non
667 3309 820 3382 rationis
848 3312 914 3382 sed
942 3310 1100 3405 arbitrii,
1131 3334 1245 3409 non*

117 3407 255 3480 amoris
276 3410 342 3479 sed
363 3405 434 3478 odii
453 3431 541 3479 esse
560 3408 758 3481 videretur.
796 3411 964 3483 Cernens
982 3421 1109 3483 autem
1126 3435 1206 3508 rex,

116 3507 364 3605 apostolicum
390 3509 434 3578 ad
461 3508 533 3578 hoc
551 3511 728 3604 tendere,
756 3517 797 3580 ut
824 3532 866 3581 se
892 3533 1010 3605 regno
1029 3510 1206 3608 privaret,

115 3631 186 3680 nec
211 3608 283 3679 alia
311 3606 368 3680 sui
394 3606 628 3679 oboedientia
654 3619 892 3703 contentum,
922 3610 996 3682 nisi
1022 3621 1063 3681 ut
1086 3634 1204 3707 regno

116 3709 374 3802 renunciaret,
402 3731 447 3778 ex
475 3707 709 3780 oboedientia
726 3709 763 3778 in
782 3708 1046 3806 rebellionem,
1075 3734 1121 3781 ex
1139 3711 1206 3780 hu-

116 3806 271 3880 militate
296 3808 333 3878 in
361 3818 549 3879 tumorem
567 3807 683 3879 relabi
703 3819 874 3904 coactus,
903 3810 975 3880 hoc
1000 3809 1205 3907 apostolico

115 3906 241 3977 facere
260 3912 434 4003 parabat,
463 3910 559 4004 quod
579 3908 806 4005 apostolicus
835 3908 902 3981 sibi
921 3909 1135 3982 faciendum
1153 3910 1206 3981 in·

115 4007 296 4078 tenderat.
333 4009 452 4080 Cessa
470 4012 640 4103 obsecro,
659 4031 725 4079 rex
743 4008 921 4105 gloriose,
941 4034 1050 4081 cessa
1070 4014 1115 4082 ab
1134 4011 1207 4083 hoc

115 4104 327 4199 molimine,
353 4116 393 4177 ut
411 4107 733 4182 aecclesiasticum
760 4119 872 4207 caput
890 4113 935 4182 de
955 4133 1023 4183 suo
1044 4109 1205 4182 culmine
