2820 4770
280 310 389 383 VITA
413 310 618 385 HElNlllCl
647 311 700 383 lV.
730 310 1056 383 lbll'llllrlllllllS.
1192 317 1216 385 ε’)

116 508 253 579 lllanus
271 506 401 605 incipit
419 519 456 580 et
473 507 632 604 dubitat,
659 508 786 581 scribit
804 520 841 581 et
859 510 1026 605 rennuit,
1054 522 1157 584 notat
1176 524 1210 583 el

117 608 241 703 delet,
267 618 309 679 ut
325 631 425 704 pene
442 608 635 705 ignorem,
655 608 738 705 qnid
759 608 883 681 velim.
921 614 994 683 Sed
1014 622 1121 708 turpe
1142 624 1211 705 est,

116 706 334 804 incoeptam
352 708 550 781 materiam
567 708 777 780 mutilatam
795 710 1025 806 relinquere,
1046 722 1083 782 et
1101 723 1212 808 caput

116 811 260 905 absque
278 806 459 881 membris
485 807 664 905 pinxisse.
707 810 867 906 Pergam
893 809 1005 905 igitur
1033 821 1072 882 ut
1091 812 1211 908 coepi,

117 917 298 981 constans
325 917 364 979 et
388 931 545 981 securus
576 907 681 1004 inde,
713 911 810 1006 quod
838 909 932 982 tides
958 920 1022 981 tua
1049 935 1094 981 ea
1120 911 1209 982 milri

117 1017 289 1105 spectata
308 1016 380 1103 est,
398 1018 439 1079 ut
455 1008 551 1081 haec
569 1007 707 1105 scripta
725 1008 814 1079 nulli
832 1012 1002 1105 detegas,
1022 1021 1085 1082 aut
1104 1011 1209 1108 siqua

115 1108 219 1179 foras
239 1106 417 1204 exierint,
438 1118 631 1179 auctorem
650 1132 724 1180 non
743 1112 891 1206 prodas.

194 1211 228 1283 2.
248 1208 343 1281 Cum
356 1206 560 1304 imperator
577 1208 787 1304 Heinricus,
807 1211 852 1280 de
874 1234 945 1305 quo
960 1210 1067 1281 nobis
1083 1234 1209 1282 sermo

117 1317 190 1403 est,
208 1306 306 1404 patri
326 1330 408 1403 suo,
426 1307 698 1403 gloriosissimo
717 1307 952 1405 imperatori,
971 1309 1079 1381 tertio
1099 1310 1209 1382 Hein-

115 1407 215 1503 rico,
244 1406 365 1479 adhuc
391 1431 486 1504 puer
509 1410 731 1480 succederet
754 1408 791 1479 in
819 1432 998 1504 regnum,
1032 1435 1120 1481 nam
1147 1410 1208 1481 illo

116 1507 274 1605 parvulo
299 1517 408 1604 pater
424 1517 580 1579 naturae
599 1508 800 1603 concessit,
819 1533 937 1603 regno
957 1508 1119 1605 priorem
1135 1520 1209 1582 sta-

115 1618 197 1679 tum
215 1607 338 1680 adhuc
354 1617 531 1703 tenente,
558 1632 632 1678 non
656 1608 754 1681 bella
780 1632 914 1704 pacem
942 1607 1208 1705 disturbabant,

116 1731 191 1780 non
207 1706 368 1779 classica
386 1706 549 1803 quietern
574 1712 816 1804 rumpebant,
848 1733 920 1779 non
949 1708 1078 1804 rapina
1103 1734 1208 1804 gras·

117 1811 291 1903 sabatur,
317 1830 391 1879 non
410 1805 505 1879 fides
524 1807 784 1879 mentiebatur.
828 1809 959 1880 Adhuc
986 1807 1131 1880 iusticia
1150 1809 1207 1881 sni

114 1906 270 2005 vigoris,
288 1907 410 1979 adhuc
427 1917 595 2004 potestas
616 1908 673 1979 sui
692 1907 781 1980 iuris
801 1918 890 1979 erat.
927 1908 1034 1979 Hunc
1056 1911 1205 1980 beatum

114 2006 224 2105 regni
251 2016 390 2081 statum
407 2007 536 2104 Agnes
563 2007 779 2105 imperatrix
799 1994 1206 2102 se1·enissima,';virilis

114 2106 257 2204 ingenii
282 2106 445 2203 femina,
472 2107 630 2179 multum
656 2107 771 2202 iuvit,
798 2131 893 2203 quae
921 2132 1104 2179 unacum
1131 2108 1206 2180 lilio

114 2230 197 2281 rem
225 2206 411 2305 publicam
439 2206 519 2305 pari
546 2207 625 2279 iuro
654 2207 912 2303 gubernavit.--
928 2208 1002 2280 Sed
1031 2208 1205 2304 quoniam

114 2318 221 2381 aetas
239 2306 426 2379 inmatura
443 2332 576 2405 parum
595 2308 718 2379 timori
738 2318 808 2403 est,
829 2318 866 2380 et
884 2311 970 2379 dum
986 2317 1108 2379 metus
1127 2309 1205 2379 lan-

114 2418 219 2505 guet,
237 2406 393 2481 audacia
407 2407 554 2503 crescit,
572 2408 736 2505 pueriles
752 2408 837 2479 anni
853 2407 953 2502 regis
973 2406 1099 2479 multis
1119 2432 1205 2504 sug-

113 2513 297 2605 gerebant
315 2507 481 2580 animum
500 2507 813 2605 scelerise-lgitur
831 2507 988 2605 quisque
1008 2506 1204 2597 nitebatur,

113 2606 247 2681 maiori
273 2631 316 2682 se
343 2608 531 2704 aequalis,
563 2609 765 2681 autetiam
792 2608 911 2680 maior
935 2607 1034 2700 lieri,
1072 2609 1204 2679 multo-

113 2732 272 2806 rumque
305 2708 473 2805 potentia
503 2709 647 2781 scelere
679 2708 813 2803 crevit,
847 2732 918 2779 nec
947 2707 1043 2803 legis
1082 2718 1206 2781 metus

112 2809 211 2881 ullus
231 2818 324 2903 erat,
343 2832 438 2905 quae
458 2813 525 2881 sub
547 2832 638 2905 rege
657 2810 812 2906 parvulo
831 2832 988 2906 parvam
1010 2808 1205 2879 auctorita-

114 2919 191 2982 tem
209 2908 380 2983 habebat.
416 2910 460 2981 Et
485 2918 525 2980 ut
542 2909 668 2980 onmia
692 2909 864 2981 licentius
890 2909 1015 2979 facere
1034 2920 1203 3004 possent,

112 3008 233 3106 primo
265 3033 426 3121 puerum
458 3019 579 3081 matre
610 3009 839 3106 spoliabant,
875 3008 979 3080 ouius
1016 3020 1201 3079 maturant
1225 3036 1301 3090 ωδε,

114 3108 338 3207 sapientiam
365 3133 578 3206 gravesque
606 3134 732 3181 mores
760 3113 996 3203 metuebant,
1023 3108 1110 3181 illud
1137 3110 1201 3179 lra-

113 3212 246 3283 bentes
263 3207 302 3279 in
321 3233 455 3305 causa,
480 3234 555 3280 non
581 3211 716 3281 decere
736 3233 894 3304 regnum
914 3208 1161 3280 administrari
1181 3210 1201 3279 a

111 3308 272 3405 femina,
292 3333 377 3381 curn
396 3311 535 3381 multae
554 3310 709 3405 reginae
727 3311 901 3405 legantur
919 3307 1202 3381 administrasse

112 3432 232 3506 regna
256 3408 350 3481 virili
379 3408 572 3506 sapientia.
619 3410 692 3483 Sed
719 3421 919 3508 postquam
944 3432 1010 3480 rex
1036 3433 1131 3505 puer
1156 3409 1202 3478 de

112 3509 197 3583 sinu
215 3507 345 3581 matris
366 3514 589 3601 abstractus,
607 3509 643 3581 in
664 3535 797 3583 manus
815 3508 1025 3607 principum
1040 3506 1202 3579 nutrien-

111 3612 180 3683 dus
206 3608 331 3705 venit,
364 3608 533 3706 quicquid
566 3610 615 3680 illi
644 3610 951 3707 praescribebant
977 3607 1201 3697 faciendum,

112 3720 153 3783 ut
168 3733 265 3807 puer
282 3708 387 3781 fecit:
416 3734 529 3805 quern
547 3711 739 3804 volebant,
759 3709 952 3802 exaltavit,
971 3730 1083 3803 quem
1101 3704 1201 3775 vole·

111 3813 221 3905 bant,
253 3809 446 3906 deposuit,
475 3821 515 3880 ut
539 3810 619 3906 regi
649 3834 716 3881 suo
744 3833 818 3879 non
846 3820 923 3879 tarn
951 3803 1200 3899 ministrasse,

112 3934 226 4009 quam
253 3909 465 4006 imperasse
492 3910 623 3981 merito
650 3909 827 3981 dicantur.
864 3910 958 3981 Cum
983 3902 1090 3997 regni
1116 3929 1201 3976 cau·

111 4034 196 4085 sam
222 4014 451 4104 tractabant,
481 4034 554 4080 non
581 4022 658 4082 tarn
686 4008 793 4103 regni
820 4029 933 4103 quam
952 4024 1201 4078 suaecausao

112 4110 375 4203 consulebant,
402 4110 512 4206 idque
539 4108 781 4206 praecipuum
810 4106 864 4178 eis
889 4102 956 4176 fuit
974 4101 1010 4171 in
1030 4105 1202 4180 omnibus
