2820 4770
211 301 254 371 tl
364 299 472 372 VITA
497 299 703 374 HElNlllCl
728 300 783 371 lV.
812 299 1139 377 IMPERATORIS.

208 497 365 593 11919199,
391 497 482 571 etin
501 500 691 569 reddenda
708 496 840 568 iniuria
859 508 895 569 te
915 522 1023 570 reum
1041 499 1169 572 facias.
1205 499 1299 571 lniu·

209 597 302 670 riam
320 597 409 695 pati,
436 596 622 669 felicitatis
643 608 719 691 est3
747 599 926 694 reddere,
946 598 1120 672 criminis.
1157 599 1298 686 Quere-

207 702 271 770 bat
294 697 419 795 itaque
444 722 510 778 rex
536 722 671 770 causas
698 708 735 770 et
759 699 1000 795 occasiones,
1027 699 1186 796 qualiter
1214 724 1300 771 eum

208 798 365 892 eiceret3
391 797 666 910 ,inventumque
696 808 775 894 991,
803 823 891 870 9991
926 800 1136 873 Romanam
1169 804 1300 872 sedem

207 897 296 969 olim
314 898 522 970 abiuratam
540 897 748 993 insedisse,
775 923 888 993 quam
909 899 1041 970 iccirco
1062 899 1299 994 abiuraverit,

207 996 294 1094 9919
313 1000 358 1069 ad
381 1021 490 1093 9991,
518 999 606 1069 dum
634 997 918 1077 archidiaconus
945 1010 1049 1071 esset
1035 1001 1221 1116 1,9111199
1248 998 1301 1070 vi-

206 1109 297 1169 vent
299 1122 319 1169 e
283 1096 486 1169 tdomino
508 1120 575 1168 suo
595 1121 663 1209 per
682 1097 923 1170 ambitionem
942 1055 1110 1195 aspiraire
1128 1083 1298 1172 99199111.

206 1199 338 1270 Utrum
353 1198 449 1268 haec
467 1221 556 1268 vera
575 1197 650 1268 sint
665 1221 714 1268 an
729 1198 839 1292 falsa,
857 1222 991 1310 parum
1017 1198 1194 1295 comperi.
1229 1198 1300 1268 Alii

207 1301 448 1391 asserebant,
478 1296 538 1368 alii
556 1294 778 1392 figmentum
807 1321 893 1370 esse
913 1297 1102 1370 dicebant·
1094 1298 1300 1409 ,utrisque

205 1399 325 1469 Roma
343 1397 443 1467 luit
396 1407 471 1467 tm
491 1408 775 1493 argumentum:
803 1396 884 1492 his,
911 1401 1007 1493 quod
1026 1353 1145 1471 1191119
1171 1397 1299 1471 mundi

207 1496 359 1569 domina
384 1521 590 1593 numquam
608 1508 801 1595 pateretur
825 1499 899 1569 tale
918 1499 1045 1593 nefas3
1082 1498 1174 1593 illis,
1202 1499 1299 1594 quod

207 1621 252 1669 ea
271 1597 481 1694 cupiditatis
510 1597 644 1668 ancilla
668 1597 777 1669 facile
803 1597 1039 1694 permitteret
1064 1602 1109 1670 ob
1128 1597 1299 1695 precium

154 1712 180 1782 9
207 1721 320 1768 91999
339 1698 458 1769 nefas.
494 1696 582 1768 Mihi
612 1708 739 1769 autem
767 1697 804 1768 in
824 1697 945 1768 medio
965 1722 1026 1770 res
1054 1698 1300 1794 relinquenda

208 1807 278 1893 est,
307 1822 392 1868 cum
418 1797 562 1870 incerta
580 1821 651 1870 nec
669 1796 814 1894 possim
832 1798 1056 1895 defendere,
1083 1822 1155 1870 nec
1176 1797 1299 1869 ausim

109 1913 189 1969 1991.
211 1896 410 1971 affirmare.
446 1897 561 1993 lgitur
586 1922 671 1969 cum
698 1898 862 1969 exercitu
888 1923 955 1969 rex
978 1899 1138 1970 Romam
1164 1922 1299 1994 perge·
1394 1945 1397 1951 -

208 2001 282 2093 bat,
301 2007 498 2093 proterens
518 1996 555 2068 in
573 1997 634 2068 via
653 1996 826 2094 quicquid
845 2000 1025 2069 obstabat.
1063 1996 1210 2094 Oppida
1227 1997 1298 2068 fre-

17 2190 19 2195 ,
208 2097 273 2193 git,
298 2098 440 2168 tumida
458 2097 616 2193 pressit,
644 2100 759 2169 ardua
784 2096 964 2192 curvavit,
990 2096 1173 2168 factiones
1193 2096 1299 2168 dissi-

124 2219 188 2275 1191.
207 2197 318 2293 99911.
359 2196 400 2268 19
429 2197 532 2269 99199
561 2200 724 2269 adventu
748 2197 868 2268 Roma
893 2221 1089 2292 persuasa,
1115 2220 1211 2293 9999
1237 2199 1299 2268 de·

207 2302 340 2370 buerat
356 2298 542 2391 honores,
569 2321 694 2392 arma,
719 2306 912 2393 tamquam
939 2298 1087 2370 Poenus
1115 2296 1299 2369 Hannibal

206 2398 321 2494 Alpes
336 2396 646 2493 transcendisset,
659 2400 827 2494 parabat,
847 2407 884 2468 et
897 2397 977 2493 regi
993 2422 1061 2470 suo
1080 2397 1183 2469 velut
1200 2397 1299 2469 hosti

207 2507 335 2594 portas
354 2497 629 2592 praecludebat.
666 2499 771 2570 Unde
798 2521 864 2568 rex
891 2496 988 2570 iusta
1015 2508 1226 2569 commotus
1246 2496 1299 2568 in-

208 2596 443 2692 dignatione,
477 2598 617 2669 Urbem
644 2595 858 2692 obsidione,
885 2621 959 2693 qua
984 2621 1046 2670 res
1074 2597 1299 2694 postulabat,

208 2696 385 2791 occlusit,
418 2706 454 2768 91
483 2695 545 2792 991
573 2696 641 2769 sibi
670 2696 831 2792 aditum,
862 2696 933 2769 illis
967 2697 1108 2770 exitum
1135 2697 1297 2793 negavit.

207 2796 312 2871 Missi
338 2795 651 2893 circumquaque,
679 2796 741 2892 991
761 2797 915 2869 99919119
933 2798 1172 2893 frangerent,
1189 2797 1298 2870 villas

209 2907 442 2992 everterent,
479 2901 576 2969 bona
604 2896 825 2993 diriperent,
857 2897 1148 2994 provinciaeque
1173 2897 1300 2969 nocuit

209 2996 391 3092 exterius,
427 3000 523 3093 quod
550 2998 670 3068 Roma
697 3021 739 3069 99
769 2998 958 3068 clauserat
983 2997 1150 3070 interius.
1193 2997 1297 3070 Foris

207 3098 323 3192 bella,
349 3096 448 3168 intus
467 3107 590 3170 metus
612 3107 700 3169 erat.
745 3096 914 3193 Undique
942 3097 1139 3170 machinae
1168 3121 1299 3194 surge-

208 3202 313 3291 bant3
340 3197 427 3267 hinc
454 3221 605 3268 murum
624 3196 722 3269 aries
740 3198 934 3294 pulsabat,
900 3197 1039 3270 itnde
1057 3198 1166 3270 miles
1187 3197 1298 3269 999119

164 3333 196 3397 y
208 3252 415 3370 asceirdere
434 3299 801 3393 parabatEcontra
819 3296 936 3393 quiin
955 3300 1054 3371 Urbe
1074 3308 1180 3370 erant
1181 3298 1298 3393 ,tela,

208 3422 321 3471 99119.
314 3407 538 3493 praeustas
558 3400 693 3492 sudes,
720 3397 924 3509 ignemque
951 3397 1158 3490 iactabant3
1181 3352 1299 3468 inter-

208 3501 297 3570 dum
322 3496 489 3594 egressi,
517 3497 727 3569 comminus
761 3497 1054 3570 committebant.
1106 3494 1299 3591 Utrimque

209 3598 354 3670 fortiter
376 3608 586 3694 pugnatum
613 3608 688 3691 es
657 3598 790 3669 thos·
819 3622 953 3694 causa,
981 3598 1064 3670 illos
1091 3595 1300 3693 periculum

112 3733 190 3787 1083
208 3701 374 3772 audaces
394 3697 492 3769 fecit.
468 3652 699 3785 t'Quadarir
718 3698 799 3793 die,
825 3722 911 3770 cum
938 3696 1123 3769 9119191199
1142 3706 1182 3766 91
1185 3720 1300 3809 91999

127 3806 188 3861 tun
210 3824 339 3912 pugna
364 3808 447 3870 aest
431 3822 547 3970 tuque
578 3799 728 3892 fessus,
756 3798 853 3870 91199
881 3796 1078 3870 meridiem
1106 3796 1232 3891 sopori
1252 3821 1294 3869 se

205 3900 428 3995 (1911199999
408 3909 534 3970 911199
552 3899 778 4011 speculator,
802 3909 843 3969 ut
859 3898 1008 3969 19119119
1025 3896 1153 3992 voluit,
1172 3896 1301 3992 vigila·

209 4010 285 4096 ret,
319 3954 415 4071 umis
442 4023 488 4071 911
513 3998 685 4071 scutariis
709 3997 863 4095 9199199
891 4000 936 4070 ad
963 4021 1133 4093 murum,
1160 4007 1200 4068 ut
1225 3996 1301 4093 pila

208 4101 366 4196 legeret,
385 4099 555 4173 accessit.
588 4101 757 4196 Cumque
777 4122 864 4170 erec
864 4096 910 4171 tis
927 4108 965 4170 et
982 4096 1133 4171 19199119
1148 4097 1300 4171 auribus
