2820 4770
279 271 387 403 rire
413 330 619 405 nerana
644 333 699 406 iv.
726 332 1054 406 rurnmroms.
1164 335 1211 406 ee

121 530 274 599 tandem
299 552 365 601 rex
392 534 501 625 bone,
529 529 725 626 resipisce,
758 539 796 602 et
822 555 1025 628 supernam
1051 531 1146 601 iram
1172 531 1209 601 in
1232 545 1312 600 11⁰6.

122 629 194 699 hac
213 638 313 699 sorte
332 639 397 702 tua
414 653 658 726 recognosce.
693 629 871 701 ludicium
889 630 967 702 irae
986 631 1054 703 Dei
1075 640 1144 727 est,
1173 640 1214 701 ut

121 728 295 823 fugeres,
324 728 385 824 qui
410 741 557 826 patrem
583 729 739 825 fugasti,
771 740 809 800 et
833 730 995 825 insignia
1019 733 1212 827 perderes,

123 851 219 923 quae
237 829 333 924 patri
352 829 546 901 abstulisti.
583 830 657 902 Sed
676 829 735 901 his
754 839 888 925 postea
905 830 1081 926 receptis,
1100 830 1212 901 inter·

121 927 297 998 veniente
326 939 434 1025 pacto
461 929 566 1026 pacis
596 940 633 1000 et
658 929 779 1024 gratia
796 930 942 1024 veniae,
969 953 1103 1025 regem
1127 953 1211 1001 sen·

121 1026 278 1098 tentiam
305 1040 452 1100 mutare
478 1028 566 1100 fecit
590 1028 707 1099 altum
729 1029 864 1101 vulnus
883 1028 1052 1124 iniuriae,
1077 1039 1118 1099 ut
1136 1052 1213 1100 ma-

121 1125 189 1196 iori
216 1131 349 1199 robore
375 1129 544 1224 collecto,
569 1128 695 1200 villam
720 1128 891 1200 incendio
917 1131 1131 1225 praedaque
1149 1153 1213 1202 va·

124 1236 262 1321 staret,
302 1236 340 1298 et
372 1228 409 1300 in
437 1229 610 1299 homines
639 1227 711 1298 loci
737 1228 835 1300 illius
864 1227 1066 1300 indiscreta
1097 1232 1212 1301 caede

123 1325 272 1398 seviret.
315 1327 389 1399 Sed
422 1332 520 1424 quod
546 1327 583 1399 in
613 1352 655 1399 se
680 1329 828 1398 fortuna
852 1338 998 1398 tanturn
1022 1353 1115 1400 ausa
1142 1338 1212 1498 egat,

123 1448 169 1496 ex
186 1425 302 1522 patris
322 1427 476 1498 consilio
493 1427 665 1525 prodisse
686 1426 911 1524 suspicatus,
930 1452 1048 1499 novas
1065 1427 1173 1498 iniun
1200 1469 1213 1482 ·

122 1548 207 1594 rum
226 1526 472 1621 cogitationes
490 1528 527 1597 in
549 1551 634 1597 eum
655 1527 820 1622 cogitare
841 1526 980 1623 coepit,
1008 1538 1046 1599 et
1069 1551 1117 1598 ne
1143 1526 1213 1598 sibi

123 1636 226 1696 esset
251 1626 433 1698 obstaculi
459 1626 637 1723 materia,
672 1627 734 1698 vel
761 1629 805 1697 ad
834 1627 1213 1723 comprehensionem

122 1723 216 1819 eius,
243 1725 304 1796 vel
331 1730 374 1798 ad
405 1726 665 1824 expulsionem
693 1726 860 1797 animum
883 1726 1050 1801 intendit.
1084 1727 1212 1823 ltaque

121 1823 260 1920 Leodii,
287 1825 348 1897 ubi
378 1849 464 1901 eum
489 1825 603 1898 fidem
630 1836 667 1899 et
694 1827 866 1898 fortunae
885 1849 978 1898 suae
997 1836 1213 1926 receptacu-

121 1923 200 1993 lum
229 1923 421 1997 invenisse
453 1925 642 2021 audierat,
677 1926 821 2022 pascha
852 1925 920 1998 sibi
948 1926 1213 1997 celebrandum

122 2023 262 2119 statuit,
288 2035 330 2095 ut
348 2037 386 2097 et
402 2025 526 2122 ipsum
546 2026 577 2098 si
595 2023 676 2097 lieri
694 2036 837 2122 posset,
864 2025 1213 2121 comprehenderet,

123 2132 160 2193 et
178 2127 223 2195 ab
244 2123 434 2222 episcopo,
464 2126 525 2221 qui
552 2125 609 2197 sai
629 2125 782 2196 honoris
807 2125 974 2196 emulum
993 2124 1213 2221 recepisset,

121 2222 293 2294 iniuriam
313 2225 576 2321 expostularet.
613 2226 781 2321 Cumque
799 2235 907 2321 pater
923 2224 1091 2319 vidisset,
1116 2226 1211 2320 quod

119 2320 219 2395 filius
257 2348 347 2396 suus
374 2324 501 2395 Leodii
530 2325 671 2421 pascha
708 2325 972 2396 celebrandum
1007 2323 1213 2418 statuisset,

122 2422 352 2518 legationem
376 2425 421 2494 ad
448 2447 535 2495 eum
560 2423 596 2493 in
621 2425 722 2494 hunc
748 2427 901 2495 modum
920 2423 1068 2495 direxit:
1097 2422 1137 2494 Si
1162 2427 1213 2493 in·

120 2529 296 2618 terropem
315 2515 427 2626 duffii
442 2512 663 2632 dulcissime}
674 2524 821 2594 traditio
833 2525 1025 2616 hominum,
1037 2544 1095 2594 ‘au
1112 2546 1214 2594 man·

121 2623 246 2693 datum
272 2623 355 2717 Dei,
381 2626 626 2715 praestantius
652 2627 836 2718 mapisque
858 2624 1045 2694 tenendum
1072 2625 1134 2714 sit,
1160 2646 1213 2694 re·

121 2723 322 2816 spondetis,
350 2726 419 2794 nisi
445 2747 468 2793 a
496 2746 579 2794 aero
608 2724 779 2794 deductus
796 2727 857 2815 sis,
884 2723 1031 2794 similem
1060 2745 1135 2793 esse
1160 2724 1213 2792 iu·

122 2825 264 2915 mentis,
306 2825 365 2917 qui
396 2822 562 2894 coelestia
593 2826 761 2915 terrenis,
795 2823 963 2893 humanis
992 2823 1113 2892 divina
1142 2845 1214 2892 non

119 2907 410 3029 praeferat.[Cur
423 2946 507 3016 erpo
523 2924 640 3015 erupis
654 2923 759 2993 audis
772 2947 844 3016 eos,
855 2924 915 3016 pai
925 2923 987 2992 tibi
999 2927 1213 3015 supperunt:

121 3022 360 3117 „Persequere
382 3030 524 3115 patrem
546 3024 681 3115 tranr‘,
708 3045 817 3115 quam
837 3022 980 3092 verdum
997 3023 1107 3112 ipsius
1126 3020 1213 3093 Dei:

121 3121 300 3213 „Honora
330 3130 471 3215 patrem
502 3123 648 3192 ίααηιῖα
688 3123 752 3192 lsti
782 3128 814 3192 te
845 3121 1032 3214 decipiunt,
1061 3143 1132 3190 non
1163 3123 1213 3190 inq

121 3227 285 3310 struunt5
312 3225 370 3292 isti
395 3222 523 3292 leonori
546 3228 607 3292 tuo
634 3245 705 3292 non
729 3220 928 3314 provident,
953 3221 1016 3291 sed
1039 3220 1213 3309 inuident3

121 3323 179 3392 isti
204 3321 269 3392 sud
296 3324 410 3415 specie
434 3322 534 3413 (idei,
566 3321 740 3414 perfidiae
765 3320 920 3415 laqueos
939 3325 1091 3391 nectunt.
1133 3319 1213 3390 Non

122 3420 228 3491 aliter
239 3423 422 3514 pervenire
434 3427 626 3513 potuerunt
637 3420 688 3491 ad
699 3421 972 3491 destructionem
991 3420 1139 3490 honoris
1152 3421 1212 3510 tui,

122 3523 191 3592 nisi
207 3544 271 3613 per
290 3521 562 3591 destructionem
581 3521 704 3591 nostri.
739 3521 861 3590 Fuerit
879 3543 978 3612 sane,
1003 3526 1043 3589 ut
1057 3520 1215 3612 peccatis

71 3673 74 3683 .
121 3623 209 3692 meis
223 3621 449 3714 eriperitidus,
460 3643 553 3713 quae
565 3621 737 3690 sententia
752 3620 1044 3690 aduersariorum
1055 3641 1213 3688 meorum

122 3729 184 3813 est,
209 3722 378 3792 adiecerit
395 3744 450 3791 me
469 3720 565 3790 Deus
583 3742 625 3789 ne
643 3742 805 3812 repnem:
833 3727 871 3790 at
889 3726 1007 3789 tamen
1026 3724 1124 3788 tuum
1144 3740 1215 3788 non

123 3827 213 3914 erat,
235 3824 271 3891 in
291 3822 520 3892 abiectionem
539 3843 655 3889 ineam
674 3843 822 3910 operum
843 3819 991 3911 dedisse,
1016 3824 1050 3888 et
1065 3840 1214 3910 reanum

121 3921 218 4015 quod
229 3921 289 3992 tibi
301 3943 534 4014 paraveram,
545 3918 629 3990 mild
641 3921 892 4011 praeripuisse.
912 3917 1086 3988 Barbara
1101 3940 1213 4011 repra

121 4027 198 4091 tam
228 4020 459 4091 inhumanum
487 4022 632 4103 facinus
660 4018 836 4089 damnant
867 4025 902 4088 et
930 4018 1119 4106 elevaverit'5
1148 4019 1215 4109 ipsi

119 4123 258 4214 papani
276 4120 481 4211 abhorrent,
508 4126 541 4190 et
565 4121 624 4213 qui
641 4120 755 4190 Deum
775 4121 945 4209 nesciunt,
973 4115 1058 4211 quid
1084 4118 1119 4187 iu
1139 4115 1214 4187 ditr-
