2820 4770
207 1363 236 1430 1.
264 1355 357 1443 Quis
376 1356 475 1429 dabit
493 1379 630 1452 aquam
649 1354 759 1451 capiti
778 1379 878 1451 meo,
898 1365 935 1427 et
952 1356 1095 1429 fontem
1114 1357 1219 1428 lacri-

127 1481 275 1527 marum
294 1456 411 1528 ooulis
431 1455 549 1550 meis,
576 1465 615 1526 ut
632 1455 805 1551 lugeam,
830 1478 904 1526 non
925 1456 1068 1528 excidia
1086 1467 1228 1554 captae·

127 1555 249 1652 urbis,
288 1580 363 1626 non
402 1555 655 1653 captivitatem
690 1554 774 1626 vilis
805 1553 928 1650 vulgi,
967 1580 1043 1627 non
1082 1558 1220 1627 damna

127 1679 254 1726 rerum
279 1679 472 1750 mearum,
503 1657 571 1727 sed
599 1664 759 1725 mortem
792 1653 955 1725 Heinrici
983 1655 1218 1752 imperatoris

127 1754 290 1851 augusti,
305 1754 366 1852 qui
383 1779 473 1851 spes
493 1778 580 1826 mea
594 1763 631 1825 et
644 1753 796 1824 unicum
811 1753 993 1826 solacium
1008 1755 1088 1851 fuit,
1102 1753 1242 1826 immor

110 1857 233 1926 lutde
253 1878 314 1926 me
335 1865 496 1948 taceam,
521 1853 583 1950 qui
602 1852 723 1948 gloria
739 1853 905 1948 Romae,
924 1855 1039 1926 decus
1059 1853 1219 1951 imperii,

126 1955 281 2025 lucerna
314 1952 442 2025 mundi
468 1952 608 2023 extitit?
644 1951 722 2024 Erit
753 1953 913 2049 posthac
942 1953 1032 2025 mihi
1058 1953 1135 2025 vita
1168 1953 1220 2026 io·

129 2055 276 2125 cunda?
304 2053 381 2125 Erit
400 2057 543 2149 absque
561 2050 726 2123 lacrimis
746 2051 825 2123 dies
845 2062 909 2123 aut
926 2052 1043 2124 hora?
1069 2055 1144 2124 Aut
1166 2064 1220 2125 te-

128 2176 235 2247 cum,
259 2177 280 2223 0
300 2151 537 2247 dulcissime,
562 2161 692 2248 potero
711 2150 810 2223 illius
829 2151 1062 2225 mentionem
1079 2153 1219 2225 habere

127 2253 209 2324 sine
227 2251 342 2323 lletul
361 2254 458 2323 Ecce
477 2253 566 2322 dum
585 2250 720 2346 scribo,
739 2252 837 2347 quod
856 2251 1008 2324 dictavit
1024 2252 1220 2350 impatien-

127 2350 179 2422 tia
196 2351 353 2445 doloris,
381 2352 517 2421 cadunt
541 2349 738 2445 lacrimae,
767 2353 921 2422 madent
942 2349 1033 2423 lletu
1060 2352 1220 2448 litterae,

128 2460 165 2522 et
183 2453 279 2547 quod
299 2459 403 2521 notat
421 2473 579 2544 manus,
607 2449 711 2520 diluit
727 2451 869 2521 oculus.
912 2451 986 2524 Sed
1006 2452 1134 2524 forsan
1152 2452 1220 2523 im·

127 2549 345 2647 patientiam
359 2548 496 2621 doloris
512 2549 587 2620 mei
604 2549 813 2646 redarguis,
833 2559 871 2621 et
883 2560 925 2621 ut
941 2550 1072 2622 lletum
1091 2575 1219 2623 meum

127 2649 350 2747 reprimam,
383 2672 431 2720 ne
459 2649 554 2719 forte
580 2648 639 2718 his
667 2649 729 2745 qui
754 2652 800 2721 de
828 2660 948 2722 morte
981 2650 1219 2748 imperatoris

127 2751 304 2846 gaudent,
331 2749 559 2842 innotescat,
584 2747 748 2820 instruis.
784 2749 900 2821 Recte
926 2774 988 2822 me
1008 2753 1140 2846 doceS,
1167 2751 1220 2822 fa·

128 2859 228 2943 teor,
257 2852 323 2936 sed
351 2873 426 2919 non
452 2871 611 2945 possum
634 2847 822 2945 imperare
841 2849 933 2920 mihi
952 2850 1040 2947 quin
1059 2851 1220 2947 doleam,

127 2972 202 3018 nou
221 2957 378 3045 possum
398 2972 459 3019 me
479 2946 671 3019 continere
691 2947 779 3044 quin
797 2948 969 3047 lugeam,
996 2950 1083 3023 licet
1100 2951 1139 3021 in
1157 2974 1220 3021 me

126 3047 293 3119 furorem
321 3072 432 3120 suum
451 3057 654 3142 exacuant,
680 3047 769 3119 licet
785 3072 847 3120 me
867 3073 936 3145 per
959 3055 1130 3123 membra
1147 3049 1253 3122 dis-1

127 3171 283 3244 cerpere
312 3147 479 3244 cupiant,
507 3147 614 3219 dolor
636 3145 770 3218 timere
796 3149 937 3245 nescit,
969 3150 1075 3221 dolor
1097 3150 1219 3222 illatas

126 3271 270 3344 poenas
296 3270 371 3317 non
398 3246 519 3320 sentit.
555 3247 633 3318 Nec
658 3270 729 3344 ego
758 3248 861 3320 solus
880 3259 1041 3321 mortem
1067 3248 1148 3322 eius
1167 3250 1219 3320 la·

126 3357 294 3441 mentor,
313 3346 411 3417 hanc
430 3348 548 3418 Roma
565 3347 727 3443 plangit,
752 3347 851 3419 hanc
869 3372 981 3421 omne
1006 3350 1219 3421 Romanum

126 3445 326 3543 imperium
345 3443 477 3541 dellet,
505 3446 604 3518 hanc
631 3445 668 3517 in
690 3471 895 3520 commune
921 3447 1054 3537 divites
1076 3459 1112 3520 et
1130 3473 1219 3545 pau-

126 3569 260 3642 peres,
288 3557 439 3643 praeter
462 3544 699 3619 insidiatores
722 3546 912 3643 potentiae
930 3548 1105 3645 vitaeque
1124 3548 1219 3642 eiuS,

125 3645 267 3741 lugent.
302 3647 380 3718 Nec
406 3645 497 3717 mihi
525 3644 670 3742 privata
695 3647 831 3720 doloris
858 3659 1074 3742 causaest,
1101 3648 1220 3744 publi·

127 3767 210 3814 cam
234 3745 433 3818 lamentari
465 3746 610 3817 cladem
637 3745 758 3843 pietas
787 3770 849 3819 me
877 3748 985 3843 cogit.
1033 3748 1128 3819 Nam
1156 3746 1219 3820 illo

125 3845 346 3941 recedente,
375 3845 524 3918 iusticia
546 3855 668 3918 terras
695 3846 864 3943 reliquit,
891 3872 964 3944 pax
983 3847 1091 3943 abiit,
1116 3848 1253 3920 frausx

116 3940 161 4012 'in
181 3942 306 4013 locum
322 3943 409 4017 fidei
429 3944 659 4018 subintravit.
691 3947 837 4020 Chorus
851 3947 1082 4019 laudantium
1096 3949 1219 4019 Deum

125 4040 320 4139 conticuit,
340 4044 559 4117 solemnitas
588 4043 700 4118 officii
719 4046 830 4118 divini
850 4045 968 4144 siluit,
986 4072 1059 4119 vox
1079 4048 1219 4119 exulta-

950 4165 964 4226 1
