2820 4770
198 323 244 396 34
355 320 461 428 Vl'lA
487 323 694 399 HElNlllCl
720 324 776 398 lV.
800 324 1130 401 IMPERATORIS.

195 531 362 617 possent.
408 506 483 595 Sed
508 547 583 594 non
609 521 731 594 minor
756 525 878 597 luctus
904 523 1004 597 circa
1029 526 1141 596 funus
1171 523 1287 622 impe-

194 621 327 694 ratoris
348 631 445 695 erat:
474 645 652 720 proceres
679 624 921 721 plangebant,
946 626 1083 721 vulgus
1106 624 1287 698 lamenta,

193 725 313 818 batur,
339 722 475 821 ubique
493 722 671 819 gemituS,
698 723 833 821 ubique
852 724 1037 822 planctuS,
1058 724 1195 823 ubique
1214 749 1287 796 vox

193 822 398 895 dolentium
416 822 644 896 audiebatur.
679 824 734 896 Ad
755 824 932 922 exequias
951 824 1034 898 illas
1052 823 1199 920 viduae,
1220 849 1287 922 pu·

193 922 289 1020 pilli,
321 922 481 1019 denique
508 923 621 995 totius
648 923 792 1019 patriae
817 948 1007 1022 pauperes
1040 924 1285 997 conveniunt:

193 1020 333 1095 deflent
350 1047 392 1095 se
412 1027 561 1096 orbatos
580 1032 700 1120 patre,
718 1024 877 1096 fundunt
890 1024 927 1095 in
942 1049 1078 1123 corpus
1097 1024 1286 1119 lacrimas,

192 1124 457 1195 deosculantur
474 1124 600 1219 largas
620 1111 783 1236 manual
793 1123 861 1196 Vix
874 1126 1131 1198 avellebantur
1144 1129 1190 1198 ab
1208 1148 1286 1197 am-

193 1223 305 1320 plexu
340 1222 491 1296 extincti
527 1223 714 1319 corporis,
747 1249 809 1295 vrx
841 1223 930 1296 illud
964 1223 1147 1312 condendi
1178 1223 1287 1321 copia

193 1326 358 1396 dabatur.
395 1322 469 1396 Sed
497 1347 568 1395 nec
587 1324 773 1396 tumulum
804 1327 1041 1420 deserebant,
1067 1323 1116 1404 ibi
1134 1323 1284 1421 vigiliis,

191 1422 355 1495 lacrimis
377 1433 414 1496 et
430 1422 658 1495 orationibus
677 1427 874 1520 vacabant,
895 1424 1108 1521 plangendo
1127 1424 1285 1498 recitan-

191 1533 263 1619 tes,
284 1534 321 1595 et
337 1523 527 1596 recitando
546 1524 784 1620 plangentes,
804 1548 990 1620 quaenam
1007 1548 1123 1621 opera
1140 1523 1285 1597 miseri·

192 1623 340 1696 cordiae
359 1623 514 1696 fecisset
537 1623 575 1694 in
595 1621 914 1730 se3lquamquam
940 1648 1043 1696 mors
1073 1624 1153 1696 eius
1180 1624 1284 1720 plan·

191 1727 316 1820 genda
333 1747 408 1794 non
427 1723 507 1819 fuit,
526 1746 639 1819 quam
653 1726 750 1795 bona
762 1722 839 1795 vita
851 1723 1074 1820 praecessit,
1094 1723 1155 1820 qui
1168 1722 1284 1796 fidem

190 1833 346 1914 rectam,
371 1847 481 1920 spem
506 1821 668 1918 firmam,
695 1823 1022 1920 compunctionem
1041 1823 1162 1896 cordis
1182 1847 1284 1898 ama·

189 1947 273 1996 ram
297 1923 335 1994 in
354 1923 532 1996 extremis
551 1921 629 1995 suis
654 1923 790 2018 tenuit,
815 1948 927 2020 quem
945 1948 1017 1996 nec
1034 1926 1080 1997 de
1098 1923 1282 2020 pudendis

190 2022 366 2096 admissis
395 2022 582 2120 publicam
609 2046 724 2118 agere
752 2022 1030 2097 confessionem
1048 2023 1191 2120 puduit,
1220 2023 1282 2121 qui

189 2133 268 2194 tota
282 2123 403 2194 cordis
419 2123 593 2195 aviditate
607 2122 781 2194 dominici
796 2121 961 2219 corporis
975 2121 1097 2195 cibum
1109 2095 1296 2220 sumpsitl

188 2223 290 2296 Felix
305 2248 360 2319 es,
374 2222 579 2320 imperator
591 2221 779 2318 Heinrice,
793 2222 855 2318 qui
870 2222 965 2294 tales
981 2222 1171 2318 excubias,
1185 2219 1281 2299 tales

188 2323 461 2396 intercessores
481 2323 544 2396 tibi
563 2321 717 2420 parasti,
743 2321 805 2418 qui
829 2345 929 2394 nunc
947 2321 1200 2419 multipliciter
1218 2347 1281 2398 au-

190 2434 291 2498 ctum
310 2426 355 2496 de
375 2449 488 2497 manu
507 2421 655 2497 Domini
681 2421 831 2519 recipis,
859 2425 956 2519 quod
980 2422 1019 2493 in
1037 2446 1172 2495 manus
1191 2447 1281 2520 pau-

188 2547 323 2622 perum
341 2509 595 2627 abscondisti.)
614 2522 881 2596 Turbolentum
904 2546 1065 2618 regnum
1088 2547 1156 2621 pro
1181 2533 1281 2594 tran·

190 2624 322 2722 quillo,
348 2624 575 2697 defectivum
600 2647 667 2719 pro
695 2632 868 2718 aeterno,
893 2633 1086 2695 terrenum
1110 2647 1177 2719 pro
1197 2646 1280 2695 coe·

49 2715 53 2722 ’
187 2723 273 2797 lesti
299 2723 461 2796 mutasti.
504 2725 611 2796 Nune
629 2725 781 2793 demum
806 2746 958 2820 regnas,
985 2746 1085 2794 nunc
1109 2722 1280 2796 diadema

187 2835 337 2922 portaS,
371 2828 467 2922 quod
501 2823 565 2895 tibi
583 2846 671 2916 ¹nec
703 2825 817 2895 heres
843 2834 930 2896 tuus
958 2821 1180 2920 praeripiat,
1208 2847 1280 2895 nec

118 2980 125 2992 .
188 2925 426 2996 adversarius
452 2923 625 2996 invideat.
660 2925 759 3020 Ergo
788 2924 1033 2996 continendae
1060 2934 1147 2996 sunt
1173 2923 1279 2995 lacri-

188 3048 286 3120 mae,
305 3024 336 3097 si
356 3023 536 3097 contineri
550 3034 725 3120 possent,
744 3024 831 3095 huic
844 3034 931 3096 tuae
945 3022 1110 3095 felicitati
1124 3025 1280 3097 debetur

186 3124 386 3220 tripudium
405 3149 479 3196 non
498 3125 634 3219 luctus,
654 3124 829 3196 exultatio
848 3148 922 3195 non
941 3123 1134 3221 planetus,
1162 3147 1277 3199 voces

187 3225 467 3320 gratulantium,
481 3249 556 3295 non
570 3213 799 3326 dolentium}
811 3226 900 3308 Post
913 3224 1013 3295 hunc
1026 3247 1152 3294 rerum
1165 3247 1277 3294 even-

186 3335 266 3395 tum
285 3324 323 3394 hi
342 3325 402 3420 qui
421 3335 551 3396 contra
571 3323 716 3419 regiam
734 3323 973 3396 maiestatem
991 3323 1130 3395 bellum
1150 3347 1281 3396 susce«

186 3435 332 3521 perant,
351 3435 498 3499 mortua
518 3449 586 3521 spe
606 3448 674 3496 sua
687 3423 821 3496 animis
837 3434 875 3495 et
886 3424 1027 3496 viribus
1042 3422 1277 3518 deficiebant,

188 3535 226 3596 et
249 3526 346 3620 quod
379 3524 416 3597 in
444 3525 506 3597 illo
539 3548 667 3597 rerum
693 3524 847 3596 articulo
874 3524 1087 3597 faciendum
1110 3523 1198 3619 suit,
1231 3526 1276 3596 ad

185 3624 346 3721 gratiam
363 3624 465 3721 regis
484 3624 682 3718 deditione,
700 3624 874 3720 pecunia,
892 3649 1040 3721 quoque
1054 3626 1164 3696 modo
1178 3622 1277 3719 quis-

185 3748 257 3823 que
276 3735 434 3821 poterat,
458 3729 710 3797 recurrebant.
1347 3741 1351 3748 ·

260 3826 357 3897 Ecce
384 3826 502 3898 habes
527 3827 572 3896 de
598 3822 730 3920 gestis,
757 3826 803 3895 de
823 3825 999 3921 expensis
1017 3823 1056 3894 in
1074 3846 1277 3921 pauperes,

185 3926 231 3996 de
250 3925 411 4021 fortuna,
432 3928 477 3996 de
496 3924 596 3997 obitu
615 3923 851 4021 imperatoris
870 3922 1046 4018 Heinrici,
1064 3947 1160 4020 quae
1181 3922 1277 3997 sicut

186 4049 261 4095 non
286 4037 459 4122 poterant
485 4030 628 4122 absque
656 4023 819 4096 lacrimis
845 4048 868 4093 a
885 4048 947 4096 me
973 4024 1096 4119 scribi,
1122 4023 1175 4097 sic
1200 4048 1275 4094 non

185 4135 360 4222 poterunt
378 4130 520 4224 absque
538 4124 703 4196 lacrimis
722 4149 745 4195 a
762 4135 800 4195 te
818 4123 904 4220 legi.
